2575 4459
187 356 224 411 iio
382 358 511 413 PRIHAE
529 358 733 414 EPISTOLAE
751 360 801 413 AD
819 359 1050 414 TIHOTHEUH

216 450 303 503 Fidem
314 464 416 503 servam
429 456 569 516 sinceram,
582 455 725 517 bonamque
735 453 784 505 ha·
841 458 886 509 ii).
894 456 1006 510 liabens
1014 454 1101 509 fldem
1112 452 1250 509 eibonam

184 516 248 593 heris
261 524 461 583 conscientiam
476 536 554 585 quam
565 525 624 587 quia
636 522 785 587 repulerunt
806 534 1025 597 conscientiam,
1037 548 1127 601 quam
1141 534 1250 599 quidam

184 588 304 655 iiflldssss.
325 590 384 642 ssdil
401 592 578 656 mflsffliiflms
594 606 639 647 ⁸⁰¹¹
657 595 783 655 iacturam
807 612 1069 677 sepelientes‚oiroa
1078 610 1170 663 iidem
1184 624 1250 663 nau·

216 760 237 815 ii
262 774 372 825 quorum
400 774 508 813 nurnero
537 765 563 812 et
585 762 738 825 iiymonisns
758 766 784 812 et
807 689 1062 835 staffgxuffu'ihus
1082 774 1131 821 est
1151 770 1250 835 nyme-

185 830 343 895 Alimnder»
358 844 422 897 (1⁰0³
435 844 481 899 1³01
499 834 783 885 ⁰¹⁰01¹¹fl¹¹¹¹¹¹⁰³²¹⁰¹10ffl
807 857 885 897 naeus
893 849 921 897 ei
933 843 1101 909 Alexander,
1113 858 1190 912 quos
1198 851 1250 895 ira-

184 662 308 713 immuni.

216 1013 293 1075 Quasi
308 1013 421 1063 dirersis
437 1012 490 1063 iios
501 1017 670 1076 proseptum,
682 1012 751 1063 hano
766 1013 999 1075 denuntiationem,
1012 1025 1059 1063 sou
1074 1012 1128 1063 has
1139 1015 1251 1064 veritates

186 1086 262 1148 sopri
273 1084 422 1146 explicatas,
435 1086 576 1134 commendo
587 1084 647 1142 tihi,
658 1088 702 1143 nt,
715 1087 764 1134 eto.

190 1176 193 1183 ·
216 1154 278 1214 ilie,
293 1157 397 1215 inquam
407 1166 511 1215 ,sensus
522 1157 560 1202 esi
574 1154 621 1202 toti
637 1154 717 1203 textui
728 1153 898 1206 ooniormiors
907 1154 995 1205 ohhom
1010 1156 1083 1205 enim
1094 1166 1169 1212 ¹roos
1179 1156 1251 1203 utitur

186 1223 230 1278 ius
241 1221 389 1287 Apostolus,
400 1222 451 1287 qui
465 1234 494 1273 n.
505 1224 520 1272 i
530 1224 555 1271 oi
563 1222 594 1281 δι
606 1220 675 1271 undo
686 1220 776 1284 ooliigo
785 1222 854 1284 qaod
863 1222 907 1273 hio
917 1234 1005 1273 sersus
1013 1220 1194 1286 praeoedenios
1201 1234 1251 1271 om-

186 1308 233 1347 ues
248 1295 376 1359 respiciat.

216 1376 269 1425 lior
287 1379 447 1437 woeoepium.
458 1372 504 1425 Gr.
519 1372 607 1423 ταντὴν
618 1366 786 1433 παραγγελίαν,
800 1370 832 1422 he
841 1371 892 1434 quii
907 1383 934 1423 n.
946 1374 971 1421 i.
983 1372 1019 1421 iis
1033 1371 1157 1422 demersi
1168 1372 1252 1427 oiiior,

186 1456 265 1506 oeque
277 1443 312 1493 oti
322 1442 425 1505 [oholoi
438 1442 597 1492 s'oieodereni.

216 1513 250 1565 hi
262 1512 294 1562 ho
304 1510 354 1573 qui
366 1524 412 1572 ,m
424 1512 452 1570 h,
465 1514 495 1559 ui
504 1509 537 1559 ah
547 1509 697 1564 charitatem
708 1546 716 1571 ,
727 1522 831 1573 osopum
842 1510 962 1572 praaepti
972 1508 1068 1568 (lirini,
1080 1509 1230 1559 tenderent.

216 1580 249 1631 iit
263 1580 468 1629 hanoveriiaiem
476 1590 553 1639 quam
566 1589 612 1640 pro
623 1578 788 1629 fundamento
799 1583 947 1629 caierarum
955 1578 1063 1629 stabiliri
1073 1579 1166 1641 ,quod
1174 1580 1253 1630 cons

187 1656 228 1707 ius
237 1649 360 1699 Dominus
369 1650 436 1698 omit
449 1653 587 1709 peccatores
597 1648 681 1697 soloos
690 1648 780 1711 imese.

216 1719 267 1770 ilas
279 1728 367 1769 omnes
379 1720 496 1769 raritates
507 1752 515 1777 ,
526 1719 606 1767 totam
619 1717 685 1769 hano
692 1716 836 1770 doctrinam
848 1717 998 1769 commendo
1006 1716 1062 1767 tihi.

219 1794 249 1843 Ut
264 1792 399 1843 suaserim
411 1792 571 1855 procedetur
581 1791 737 1855 prophetias.

193 1905 196 1913 .
216 1859 348 1912 versimile
366 1864 404 1911 ssi
418 1860 578 1912 Timotheum
603 1872 634 1911 ex
655 1860 807 1911 revelatione
822 1861 918 1912 iaoium
931 1859 1008 1911 fuisso
1027 1859 1253 1923 evangelistamsi

186 1930 583 1996 episeopum,aii'l'heohoreius.
1114 1927 1118 1935 '

217 2000 289 2051 Tunc
303 2002 371 2050 enim
386 2001 472 2050 omnia
492 1998 587 2048 uehunt
608 2012 668 2069 oum
689 1998 839 2062 prophetia,
856 1998 883 2047 ih
900 2002 963 2060 esis
973 1996 1129 2049 revelatione
1147 2000 1253 2065 Spiriiis

186 2070 280 2122 ¹satiasti.
294 2068 501 2131 chrysostomus,
517 2066 687 2117 iheodorotus
697 2103 704 2127 ‚
716 2066 927 2129 theophylactus.

217 2140 303 2202 ltaque
317 2136 466 2189 commendo
482 2136 529 2185 ilbi
544 2138 624 2184 totam
637 2135 705 2183 hano
720 2136 878 2195 doctrinam,
891 2140 920 2185 ui
928 2138 1000 2197 iuxta
1014 2136 1168 2199 prophetias
1184 2140 1218 2189 he
1233 2144 1253 2187 io

188 2210 283 2269 iactas,
299 2219 390 2269 easque
405 2204 563 2270 adimplens,
578 2204 671 2254 honam
679 2205 770 2255 soiitos
779 2205 914 2265 militiam,
925 2206 1035 2269 honiquo
1047 2206 1170 2271 praesulis
1186 2222 1254 2259 exse

185 2281 271 2341 queris
286 2276 406 2326 officium.
469 2328 472 2335 ,
798 2327 802 2332 ,

216 2348 301 2398 Bonus
317 2350 402 2408 pastor
413 2344 533 2407 perpetui
543 2341 654 2394 militare
665 2344 752 2404 hehet,
769 2347 955 2409 piperatum,
967 2343 1060 2395 diaboli
1071 2357 1187 2409 rognum
1195 2385 1204 2410 ,
1213 2349 1254 2398 ho

175 2420 267 2469 ottoni
276 2452 284 2477 ,
294 2419 319 2465 ei
330 2418 359 2465 ui
373 2413 466 2463 Christi
477 2425 582 2475 regnum
592 2417 693 2463 tueatur
703 2418 729 2463 ei
738 2412 907 2476 adimpiihoei„

217 2502 257 2549 ti.
271 2496 371 2547 Habeas
385 2496 460 2560 fidem
475 2501 498 2545 ei
512 2496 603 2545 honam
619 2497 802 2547 conscientiam.
1140 2558 1145 2564 .

216 2568 274 2619 iimo
287 2569 346 2617 sunt
357 2567 501 2617 christiano
512 2564 608 2615 mihiiae
619 2576 708 2625 arma,
719 2564 781 2614 tides
792 2564 928 2616 orthodoxa
940 2569 966 2617 et
979 2568 1039 2617 sito
1050 2570 1191 2622 masilias.

220 2645 303 2703 mom
316 2643 375 2693 rita
390 2642 551 2691 sanoiiiaiem
561 2642 696 2703 postqum
705 2638 785 2702 aliqui
795 2640 960 2704 repulerunt,
976 2645 1001 2692 ei
1009 2640 1069 2693 hhoi
1077 2643 1215 2705 iacturam
1224 2645 1254 2695 io

184 2715 286 2774 oerum,
300 2715 418 2775 apostata
432 2711 502 2762 ineu.
1074 2749 1077 2753 ,

215 2786 453 2850 Noosropeoerooi,
467 2784 525 2836 hosi
539 2784 700 2847 naufragium
712 2783 835 2834 ieooroni.

217 2857 321 2919 Egregia
330 2854 476 2918 metaphora
488 2854 504 2904 a
518 2854 679 2915 navigatione
685 2856 719 2902 ei
732 2853 748 2903 a
764 2853 895 2916 naufragio
910 2854 994 2911 dosia.

132 2985 138 2994 ,
218 2926 290 2977 Fides
302 2929 339 2976 esi
351 2927 422 2988 quasi
436 2926 508 2975 navis
519 2924 639 2974 advitam
655 2925 776 2975 aeternam
787 2924 891 2975 ducens.

216 2997 308 3046 Sanoia
319 2997 385 3055 iiia,
399 3006 444 3045 sou
457 2994 523 3044 hona
534 2994 689 3044 oonsoisniia
697 2998 738 3053 ,oi
749 3007 781 3044 ex
794 2993 825 3043 ot
837 3006 946 3043 manans
955 3006 1012 3057 spos
1025 2996 1127 3045 ahana
1136 2994 1252 3047 heatitu-

185 3066 268 3125 dints,
280 3069 318 3115 esi
330 3064 441 3115 anohora
454 3065 542 3116 navim
552 3064 580 3113 in
589 3060 705 3126 proseliis
715 3064 807 3111 sistens
817 3066 843 3112 et
852 3063 989 3125 rohorunss
1001 3061 1050 3114 hio
1060 3066 1190 3127 proiecta,
1203 3079 1252 3116 non

186 3136 280 3186 mirum
290 3136 311 3183 si
321 3136 395 3183 naris
405 3132 438 3182 ah
448 3130 564 3195 scopulos
574 3130 685 3193 impasta
694 3130 876 3191 confringatur.
937 3180 940 3185 ,

213 3204 318 3253 Heresis
329 3213 459 3261 nunquam
470 3204 582 3262 primum
592 3206 630 3250 esi
647 3203 793 3263 peooaium,
802 3200 846 3249 sed
856 3213 887 3251 ex
899 3200 967 3250 malh
980 3202 1135 3253 consoleniih
1149 3206 1251 3262 oritur,

164 3304 169 3312 -
183 3274 307 3323 nimirum
318 3304 326 3330 ,
336 3267 378 3319 sel
395 3279 427 3316 ex
442 3269 596 3329 amhiiiono,
608 3268 650 3319 rei
663 3268 789 3331 avarius,
803 3266 845 3319 vel
860 3267 981 3331 libidine,
995 3270 1054 3321 siha
1073 3270 1252 3323 Corneliumi

183 3341 284 3405 hspitio.

212 3410 283 3464 imio
298 3406 450 3469 heiiuhioio
465 3404 495 3456 tii
508 3409 537 3455 ut
551 3408 670 3457 amihani
688 3405 765 3457 iidem
782 3408 826 3471 qui
846 3406 938 3459 nolunt
952 3420 1067 3461 mersere
1084 3410 1250 3463 charitatem.

183 3481 261 3532 iiiios
274 3480 379 3541 Prosper
391 3474 423 3526 ah
432 3476 503 3525 Esiio
513 3478 614 3526 citatus.
649 3482 653 3487 ·

212 3550 259 3611 Qui
271 3548 455 3599 oousoieoiiam
472 3556 527 3595 uon
541 3544 673 3609 diripias
688 3544 848 3608 hdo‚hhem
865 3557 940 3597 soem
958 3559 990 3599 ex
1006 3547 1161 3599 conscientia
1183 3562 1252 3616 saepo

183 3622 621 3763 ωξᾶωὲἓθᾳζῶνιιιιῌμπιιιωιω.
861 3749 867 3766 2

116 3795 127 3813 ι
212 3770 247 3823 De
260 3782 368 3831 quorum
378 3768 581 3831 naufragantium
595 3779 702 3818 numero
718 3770 771 3826 esi,
780 3768 828 3817 sio.

215 3848 283 3907 Quos
295 3844 535 3903 exoommunieovii,
547 3848 572 3892 et
579 3856 623 3905 per
632 3841 921 3891 exeommunioaiioaear
932 3839 1021 3890 osuiu
1033 3841 1137 3893 Soioooe
1147 3846 1177 3893 ui
1188 3857 1248 3895 oar·

181 3916 251 3968 nitioi
263 3952 270 3975 ,
281 3915 308 3963 in
319 3924 422 3975 corporo
435 3910 599 3971 cruciandos,
611 3914 640 3959 ui
653 3909 701 3959 hio
711 3908 758 3960 sui
773 3910 929 3959 oruoioiiono
939 3908 1125 3973 emorientur,
1141 3915 1169 3963 oi
1181 3916 1248 3965 assi-

182 3986 283 4051 pisoant
296 3982 367 4032 aaut
377 3980 533 4043 blasphemio
545 3983 572 4031 oi
585 3978 689 4031 uarui-

217 4058 323 4113 Tradidi
336 4058 445 4108 samso.
