2575 4459
147 250 205 312 22⁰
581 249 794 308 PRAEFATIO.

147 348 315 433 Epistulae,
326 344 382 415 ubi
398 366 443 415 ex
454 348 624 415 llelebiore
638 352 724 413 Cnno
736 343 848 413 asserit
858 346 892 410 et
908 343 1023 430 probat
1041 339 1232 412 haereticum

148 470 221 518 esse
237 454 320 517 bane
333 453 506 535 Epistolsm
519 453 706 518 eanonicam
726 469 861 535 negare,
876 468 937 517 seu
961 452 999 513 ut
1017 448 1109 515 illius
1126 449 1232 517 verbis

149 562 232 640 utar,
245 576 288 623 ex
300 560 525 625 canonicorum
541 557 771 638 scripturarum
792 572 926 621 numero
939 554 1090 634 rejicere.

188 662 307 745 Scripta
338 669 389 729 est
415 663 511 746 igitur
530 664 599 727 beo
623 660 799 743 Epistoleh
825 661 901 727 divo
929 660 1029 723 Paulo
1049 676 1099 723 ex
1124 660 1230 739 ltalia,

149 770 263 849 ltoma,
278 770 421 850 seilicet,
433 769 475 833 ad
493 769 642 833 llebreos
661 784 832 833 conversos
846 766 887 831 ad
906 764 1024 831 Christi
1046 764 1175 847 tidem,
1196 765 1233 830 ad

149 889 261 940 omnes
275 876 403 956 quidem
423 893 481 955 per
502 877 608 939 totum
625 875 737 939 orbem
752 872 931 955 dispersos3
949 871 1011 937 sed
1026 868 1178 937 maxime
1196 871 1233 934 ad

150 970 298 1052 l'lebraeos
318 980 352 1043 in
373 980 480 1043 iudea
494 980 661 1061 degentes.

186 1086 305 1166 scopus
320 1086 462 1167 Apostoli
485 1090 536 1150 est
549 1083 670 1166 primo,
687 1086 836 1150 llebraeos
850 1084 884 1149 in
900 1084 1042 1167 puritate
1061 1085 1147 1153 fidei
1160 1103 1234 1151 oon·

150 1188 279 1256 firmare
290 1195 323 1255 et
336 1189 355 1256 t
369 1191 523 1272 legalibus
541 1191 750 1258 observantiis
767 1205 898 1271 prorsus
915 1191 1065 1254 avellere.

124 1290 127 1293 ’
189 1298 268 1365 ilinc
279 1299 395 1365 Christi
413 1298 602 1380 dignitatem
618 1296 761 1375 extollit,
776 1296 1008 1375 sacerdotium,
1021 1296 1231 1377 sacrificium,

151 1405 300 1472 officium.
370 1416 375 1424 '

190 1508 352 1590 seeundb,
369 1510 528 1575 consolari
545 1508 671 1590 eosqui
689 1508 731 1573 ob
749 1506 867 1589 fidem,
886 1506 1166 1589 hmegistratibus
1180 1515 1233 1573 lu-

151 1614 228 1679 deis
245 1612 331 1679 varie
344 1614 594 1695 divexabantur3
607 1613 811 1694 ierosolymis
830 1613 918 1679 enim
929 1614 983 1693 qui
1002 1615 1229 1693 crediderant,

150 1720 245 1784 variis
258 1719 488 1784 calamitatibus
498 1719 717 1799 affligebantur
730 1719 769 1783 ab
788 1718 827 1783 iis
837 1718 891 1801 qui
908 1720 1079 1800 Evangelio
1094 1722 1232 1785 resiste-

151 1825 246 1908 bant,
260 1842 357 1909 penes
371 1842 452 1906 quos
466 1828 536 1890 eret
547 1824 672 1907 publiea
684 1824 867 1889 auotoritas.

190 1933 236 1996 Ne
249 1932 344 2014 igitur
356 1930 585 1997 tentationibus
598 1930 740 2011 superati
750 1930 876 2025 fideles,
891 1930 932 1993 ad
944 1930 1173 1998 infidelitatem
1186 1952 1231 1997 re·

151 2036 350 2121 laberentur,
369 2056 426 2106 eos
448 2040 569 2103 solatus
588 2038 640 2101 est
665 2037 854 2117 Apostolus,
875 2039 945 2101 tum
959 2040 1113 2120 exemplo
1139 2046 1230 2107 vete·

151 2163 225 2209 rum
235 2149 417 2211 sanctorum
427 2192 436 2227 ,
447 2148 518 2209 tum
536 2143 685 2225 exemplo
705 2142 820 2207 Christi
834 2142 972 2221 Domni,
986 2147 1057 2207 tum
1071 2162 1133 2226 spe
1147 2165 1231 2229 pre

151 2251 207 2314 mii
226 2252 365 2316 celestis
385 2275 395 2315 ι
416 2250 547 2315 tandem
568 2248 742 2330 Epistulam
769 2262 897 2313 morum
914 2248 1146 2333 instructione,
1170 2271 1229 2317 suo

152 2373 257 2435 more,
272 2354 445 2422 concludit.

191 2459 305 2542 Porro,
319 2463 389 2527 beo
407 2457 568 2543 Epistola,
587 2457 662 2526 lieet
674 2458 708 2525 in
728 2458 839 2525 ordine
851 2458 1022 2527 bibliorum
1035 2462 1078 2527 sit
1091 2462 1226 2543 ultima,

151 2572 187 2634 et
209 2568 331 2634 ratione
357 2565 509 2649 temporis
532 2582 615 2647 pene
637 2564 765 2647 ultimn3
788 2567 912 2633 ratione
935 2572 1043 2633 tannen
1067 2569 1227 2635 decuma

54 2669 58 2677 “
152 2671 252 2760 prima
264 2675 325 2740 est.
636 2725 638 2729 .

177 2779 248 2847 ,llio
266 2779 351 2846 enim
365 2779 469 2863 agitur
488 2772 686 2846 deseritate
705 2777 787 2863 legis
807 2781 1014 2863 evangelium
1036 2783 1070 2847 in
1093 2784 1224 2865 reliquis

152 2878 228 2953 terh
243 2885 408 2970 Epistolis,
421 2886 462 2951 de
471 2885 569 2966 ipsius
578 2884 659 2966 legis
673 2871 889 2967 observantia,
904 2888 1019 2953 veritas
1035 2890 1147 2955 autem
1156 2892 1226 2973 ipsa

152 2988 238 3075 prior
255 2996 289 3058 et
300 2993 498 3075 prestantior
511 2992 562 3056 est
574 2990 716 3056 veritatis
737 2992 947 3058 observantis.

192 3099 267 3180 vel,
284 3098 370 3163 sieut
382 3098 432 3163 ait
451 3100 580 3164 sanum
600 3098 753 3174 Thomas,
766 3094 800 3165 in
814 3098 882 3163 aliis
896 3097 1164 3181 epistolisegitur
1185 3104 1224 3166 de

152 3201 254 3287 gratia
269 3203 344 3268 novi
357 3203 571 3284 Testamenti,
584 3199 738 3283 qunnthm
747 3202 789 3269 ad
800 3206 905 3274 mum
920 3206 1093 3287 myrthum
1104 3224 1222 3289 corpus

152 3308 298 3375 nauale
317 3330 325 3371 :
342 3306 376 3371 in
394 3306 455 3369 bae
463 3309 571 3371 autem
582 3308 785 3374 sommendat
793 3308 898 3389 'ipsam
909 3311 1055 3391 gretiam,
1066 3312 1222 3392 quantiam

152 3416 194 3480 ad
211 3418 326 3497 mont,
342 3413 502 3479 Christum
523 3412 643 3476 seilicet
664 3413 785 3478 :Divus
803 3416 939 3481 Thomas
951 3417 984 3482 in
997 3420 1142 3499 prologo.

192 3521 457 3606 Smntapmutru
472 3520 667 3603 Commeat
685 3520 800 3587 saltem
814 3538 861 3587 ex
880 3522 984 3605 ltslia,
1001 3540 1084 3589 mo
1105 3522 1221 3591 Christi

152 3629 193 3695 62
211 3632 269 3695 ant
284 3631 335 3693 63.
