2575 4459
285 228 461 284 reinlex
478 228 705 285 exeosirio.
724 227 807 285 cte.
827 228 867 283 11.
1071 226 1108 285 'ii

42 328 104 378 15.
118 322 222 380 Adam
233 322 308 381 enim
320 326 427 394 primus
434 324 487 381 ior·
542 323 592 389 (ln
604 326 691 374 virum
705 337 759 374 non
772 324 917 376 dominetur
931 320 941 387 i
954 324 1014 386 quia
1029 320 1110 373 idem

18 410 125 455 natus
147 408 217 469 est,
510 392 562 459 (ιιι
581 397 639 457 pote
656 395 816 457 prestentler
838 398 864 444 et
880 393 1002 456 dignitate
1019 388 1110 455 prior)

508 465 610 527 primus
620 463 744 514 formatus
754 467 792 513 est
803 484 811 524 ;

18 533 136 588 ieinde
148 536 222 589 Era.
540 532 636 581 Deinde
653 531 771 595 Eratos
787 527 1111 593 ieameetpropteriie·

52 674 111 723 lt.
133 674 174 725 Et
196 670 284 725 idem
303 678 420 727 nonest
440 688 486 727 se·
509 600 615 736 unffi
627 671 716 721 docem
726 668 836 736 mulier)
847 673 907 735 quie
920 672 950 719 ut
961 667 1112 735 imbecillior

17 748 148 813 rinctus,
160 747 264 803 mulier
272 755 364 803 autem
372 752 486 805 seducta
509 743 534 791 ei
545 740 688 803 deceptioni
698 741 778 802 magis
787 738 961 800 obnoxietati
970 739 985 788 t
995 741 1110 801 serpente

509 806 1111 939 ιιιιιιιιιιιιιιιιιιιιιι

512 947 521 1013 (
538 947 583 999 sed
592 948 624 998 eb
636 961 714 998 urere
724 948 829 1000 electus
840 946 860 1012 ).

25 1100 206 1163 Apollinem,
220 1098 276 1151 ici.
290 1103 333 1161 ii,
350 1114 377 1150 n.
394 1104 440 1163 263
451 1104 477 1151 et
486 1100 579 1153 mulier
589 1101 671 1153 tidelis
682 1104 768 1153 vimm
780 1101 924 1164 infidelem,
936 1104 958 1153 i.
970 1100 1028 1154 cor.
1038 1104 1064 1163 7,
1073 1100 1111 1152 ιιι

24 1169 256 1237 theophylactus.

64 1260 105 1305 13.
125 1254 213 1304 Atium
224 1256 289 1303 enim
301 1252 386 1317 prime
400 1253 525 1317 sumente
535 1262 578 1304 est.

61 1326 124 1376 Dno
141 1327 205 1375 sunt
216 1326 245 1374 in
258 1337 331 1374 versu
343 1324 514 1387 precedente,
527 1324 638 1387 seilicet,
655 1325 756 1377 mulieri
769 1326 859 1375 docere
873 1335 926 1374 nen
938 1325 1070 1387 permitto,
1083 1325 1110 1375 et

28 1409 94 1445 earn
107 1398 138 1445 in
146 1396 235 1445 virum
247 1393 372 1444 dominari
383 1393 452 1445 nolo.

65 1466 135 1514 ilinc
157 1464 216 1513 due
232 1466 260 1513 ln
273 1462 322 1512 hoc
338 1466 452 1525 sequenti
467 1474 543 1514 uersu
558 1464 669 1515 rationes
683 1466 783 1527 utrique
798 1466 906 1524 esserto,
920 1462 1008 1514 ordine
1022 1464 1110 1514 umen

31 1538 144 1583 inverso
157 1531 391 1595 correspondentes.

66 1604 126 1652 iton
139 1601 286 1652 dominetur
297 1602 326 1651 in
340 1602 439 1662 sirum,
450 1603 510 1663 quie
521 1602 562 1652 ιιι
577 1604 614 1653 est
625 1602 668 1654 iilt
679 1603 850 1669 prestantior,
858 1604 887 1653 ιιι
894 1604 964 1666 petet
976 1614 1006 1652 ex
1015 1602 1110 1651 utrius·

32 1686 87 1736 que
99 1672 263 1722 formatione.
1105 1665 1111 1676 '

68 1748 156 1798 Adone
170 1745 236 1796 enim
245 1747 319 1809 prior
328 1744 455 1810 sumetur
463 1750 513 1806 ert,
523 1746 576 1797 Eva
587 1749 728 1809 posterior;

70 1816 155 1865 idem
164 1828 215 1865 non
223 1820 324 1879 propter
333 1814 423 1877 livere,
432 1826 513 1877 neque
526 1815 613 1865 exiiet
620 1836 627 1877 ς
636 1816 680 1865 sed
688 1816 849 1879 Erupropter
859 1815 969 1867 nosmet
978 1827 1009 1865 er
1019 1816 1108 1879 Adem;

69 1886 139 1947 ergo
150 1897 203 1935 non
216 1898 243 1934 se
254 1884 371 1947 preferri
382 1885 454 1945 uiro,
466 1885 510 1935 eui
519 1883 586 1935 Deus
600 1888 740 1948 primatum
752 1885 839 1948 dedit,
848 1885 1109 1949 quemqueirocsigno

37 1958 243 2019 prestantiorem
255 1953 403 2005 declereuit.

74 2041 114 2089 ii.
126 2040 160 2089 Et
169 2038 251 2089 idem
263 2051 314 2087 een
328 2037 494 2090 estreduetes.

71 2110 129 2159 lton
143 2106 329 2159 doceetmulier
337 2144 346 2169 ‚
354 2109 414 2171 quie
424 2109 479 2171 ipsa
489 2106 592 2159 seducte
604 2107 668 2170 iuli3
679 2109 761 2160 idem
772 2108 832 2160 eerd
843 2122 893 2160 noe
905 2108 979 2172 net
994 2110 1110 2172 serpente

42 2182 170 2230 sedecies.

75 2250 152 2311 Quasi
165 2248 260 2299 diceret
272 2267 279 2299 ε
294 2248 350 2311 ipse
362 2250 399 2299 est
414 2251 500 2299 mente
513 2248 679 2311 imbecillior,
695 2251 726 2315 et¹
735 2250 814 2299 errori
827 2250 903 2312 etque
915 2246 1055 2313 deceptioni
1066 2250 1108 2299 ni-

44 2324 97 2369 mis
107 2320 212 2371 obnoxie
223 2338 230 2377 t
246 2322 276 2368 ut
285 2322 355 2382 petet
366 2330 395 2367 ex
406 2330 436 2368 eo
449 2317 517 2379 quoe
529 2318 578 2369 tuit
588 2320 603 2368 ιι
614 2324 730 2382 serpente
739 2318 851 2370 seducte.

75 2390 130 2438 lion
143 2388 231 2438 decret
246 2400 304 2450 ergo
318 2388 428 2448 eumeni
437 2389 522 2449 vigore
534 2392 627 2438 mentis
637 2389 738 2451 prestet
753 2390 776 2437 ei
786 2425 793 2449 ,
804 2389 898 2452 quique
911 2388 1050 2453 deceptioni
1063 2394 1109 2441 rni-

46 2460 96 2509 ntls
112 2462 149 2508 est
159 2458 280 2509 obnoxius
288 2476 295 2507 s
303 2461 334 2508 ut
345 2460 414 2523 petet
425 2469 456 2509 ex
465 2470 495 2509 eo
504 2457 572 2521 qued
583 2458 722 2523 dserpente
731 2470 784 2508 eon
796 2458 846 2510 tuit
857 2458 989 2521 sedunus,
998 2461 1049 2511 iuro
1061 2474 1109 2510 nee

47 2540 185 2591 aggressus.

78 2613 148 2662 Nori
162 2621 352 2675 merereris-
358 2610 473 2661 Peccavit
484 2615 589 2674 uterque
599 2610 681 2661 edem
691 2614 717 2661 et
729 2610 782 2661 live
789 2631 798 2672 ;
807 2610 852 2663 sed
860 2610 963 2663 edrerte
973 2612 1107 2663 discrimen

50 2684 77 2731 in
90 2682 222 2743 seripturis
233 2683 364 2741 notatum,
376 2683 402 2729 ei
410 2679 478 2741 quod
487 2679 531 2729 hle
541 2682 659 2742 exprimit
668 2679 814 2743 Apostolus:

80 2757 159 2807 Adon
173 2768 223 2805 non
234 2761 268 2805 ert
278 2755 408 2815 emerius,
422 2754 515 2807 melier
529 2762 614 2805 eutem
625 2756 736 2805 seducto.

80 2826 131 2875 Eva
144 2824 255 2889 peccavit
271 2824 388 2886 seducte,
405 2836 504 2888 repete
519 2825 612 2889 decepit
633 2839 688 2885 ene,
702 2823 796 2876 credidi
810 2827 920 2889 serpenti
935 2823 1029 2874 dicenti
1041 2844 1048 2875 ε
1061 2826 1110 2877 ite·

52 2910 175 2960 qucquam
191 2895 343 2945 moriemini.
524 2946 526 2951 ,

83 2968 179 3029 Hocque
187 2966 407 3029 eredens,putevit
415 2965 455 3017 uel
461 2964 559 3029 quddin
567 2966 610 3017 liei
617 2969 742 3028 precepto
748 2964 850 3026 aliquod
855 2963 1108 3026 iuteretmysterlum,

53 3036 91 3087 vel
101 3034 164 3097 quid
177 3036 311 3086 veriorum
324 3033 368 3084 liei
379 3046 481 3085 sensum
493 3047 540 3085 nec
552 3037 622 3097 ipse,
635 3048 684 3084 nec
695 3037 802 3085 meritus
812 3047 875 3083 suus
885 3039 968 3083 essent
976 3038 1085 3084 assecrrtl
1098 3055 1108 3086 ι

82 3106 113 3154 si
124 3106 156 3155 itu
167 3103 268 3154 seducte
277 3142 284 3164 ,
293 3103 404 3153 iruotum
412 3102 549 3166 pulchrum
562 3106 619 3152 uisu
633 3106 659 3151 et
672 3108 746 3163 gustu
758 3113 861 3150 suavem
875 3101 1000 3165 comedit,
1011 3105 1109 3153 virum-

54 3190 102 3238 que
115 3188 187 3225 suum
201 3174 331 3224 ineditus
342 3175 394 3224 suis
405 3172 439 3224 ed
453 3172 636 3224 comedendum
648 3171 757 3220 induxit.

83 3247 135 3296 lton
147 3247 182 3297 sic
192 3244 303 3295 idemus
314 3263 322 3293 ι
334 3245 389 3307 ipse
400 3245 470 3295 enirn
487 3243 503 3292 ι
514 3248 629 3305 serpente
644 3255 696 3290 een
710 3240 759 3303 [eit
771 3242 901 3301 senem,
911 3242 927 3292 t
936 3255 987 3305 quo
999 3256 1048 3293 neo
1060 3243 1110 3297 ιιιιι

56 3329 191 3378 eggressus,
206 3327 288 3376 neque
303 3316 380 3364 etiem
397 3313 429 3363 ab
444 3312 497 3366 eve
521 3312 621 3375 proprie
643 3310 762 3375 deceptus
781 3311 845 3373 iuli,
861 3325 917 3374 que
935 3327 988 3364 neu
1006 3314 1108 3366 mlieudi

57 3389 150 3447 animo,
160 3384 202 3435 sed
213 3384 315 3435 seducte
327 3388 352 3434 et
363 3384 482 3447 decepte,
493 3380 606 3431 trucium
622 3381 724 3433 obtulit.

85 3457 193 3506 Peucetii
211 3457 295 3517 itaque
315 3457 371 3503 tem
388 3453 532 3503 inordinato
545 3453 660 3513 coniugis
672 3464 776 3513 amore,
789 3454 846 3503 tum
859 3451 969 3513 quidem
986 3451 1109 3516 superbie

58 3526 193 3577 titillatione
203 3530 229 3577 et
244 3524 379 3576 excellendi
389 3522 509 3583 libidine;

87 3597 191 3658 Cdntque
211 3597 332 3658 potuisset
349 3592 422 3643 iecile
437 3591 483 3643 hos
498 3594 582 3641 metus
601 3591 758 3642 inordinatos
774 3592 927 3657 reprimere,
945 3595 1034 3655 sponte
1051 3605 1107 3658 porq

61 3670 123 3717 misit
131 3680 169 3717 eos
179 3668 205 3715 in
216 3678 243 3715 se
256 3664 364 3714 suboriri
374 3668 400 3714 et
410 3661 553 3727 prevalere.

90 3736 175 3799 Quibus
187 3734 289 3785 tandem
302 3736 400 3794 nctus,
421 3732 572 3793 deliciaeque
582 3742 641 3781 sues
653 3732 802 3781 contristere
816 3729 905 3780 nolens
920 3728 930 3795 (
944 3732 971 3780 nt
987 3734 1023 3781 nit
1035 3732 1110 3783 divus

64 3802 236 3868 Augustinus),
250 3806 320 3853 uxori
333 3804 430 3865 regenti
442 3803 467 3850 et
481 3800 620 3851 blandienti
637 3801 736 3849 morem
746 3800 836 3861 gessit,
847 3802 873 3849 et
888 3804 976 3850 contre
990 3800 1033 3851 liei
1047 3814 1110 3863 pre-

65 3881 154 3939 ceptum
168 3872 291 3933 eomedit,
307 3874 391 3923 sciens
405 3869 508 3933 quidem
520 3882 546 3920 se
556 3880 663 3933 peccere
674 3866 732 3929 ,sed
742 3867 835 3919 divine
843 3869 983 3924 seruiutis
992 3872 1110 3936 inexper-

65 3948 115 4009 tus,
129 3943 227 3997 eredens
238 3943 306 4008 qued
317 3943 341 3994 ei
354 3940 427 3995 ieesse
441 3942 621 4002 remitteretur,
631 3936 706 3991 eiiii.
717 3936 836 3991 litemus.
