2575 4459
196 189 251 250 sm
488 185 694 249 EPISTOLAE
709 188 761 246 Ab
775 185 972 246 HRBMOS

227 286 381 349 curramus,
406 287 528 349 tnqunm,
551 283 639 336 oculos
662 283 797 336 euaristo
856 289 884 341 Ξ.
897 283 1249 354 Αερίεἰεειιεεὶεαιιειοτεε

194 353 254 405 titiet
270 356 363 404 nostre
374 358 478 404 auctore
489 355 514 402 et
524 356 738 414 consummatore,
745 363 797 401 non
820 362 887 416 fidei
904 367 933 416 et
951 367 1216 415 mmm-em
1226 366 1252 410 1..

195 419 677 551 iutuituutsiuuitui
691 419 799 551 iiis
821 439 1252 578 pugnem

195 559 799 692 ιιι]

195 698 331 760 magnifico
342 697 386 748 Dei
399 699 479 748 Patris
490 698 594 750 throno.
824 674 936 727 (Ῐθῐῑθῐὸ
952 671 1029 726 Sedis
1042 669 1102 726 Dei
1113 673 1204 725 wdet-

196 873 292 928 tomum
303 867 416 928 scilicet,
430 871 558 918 certamen
567 867 658 920 curatis
669 907 677 930 ,
689 869 716 919 tu
728 873 782 931 ost,
797 871 835 919 sie
850 882 984 920 curramus
998 881 1112 920 cursum
1131 869 1205 919 nobis
1214 883 1254 931 pr:-

194 940 307 1004 pesttum
317 975 325 998 ,
334 942 363 987 ut
375 937 493 988 bravium
504 939 758 1002 comprehendamus.
773 938 836 989 Vide
851 939 871 989 t.
881 939 940 989 Cor.
951 944 977 990 9.
992 941 1033 989 st.

225 1003 281 1054 Vita
295 1005 434 1056 christiane
447 1019 538 1057 cursus
551 1010 576 1056 et
588 1011 719 1058 certamen
733 1010 770 1056 est
778 1028 786 1068 ;
794 1020 870 1056 eursu
879 1010 1006 1057 eertamm
1014 1044 1023 1066 ‚
1032 1006 1120 1069 hujus
1132 1021 1220 1058 curum
1228 1020 1253 1054 u

195 1073 304 1126 difficilis
313 1080 338 1125 et
348 1087 436 1140 aspera
446 1096 455 1138 t
466 1088 512 1140 per
523 1078 609 1140 spinas
621 1079 647 1127 et
659 1075 766 1126 tubulos
779 1077 852 1126 nobis
859 1075 1023 1126 mmendnm.

226 1145 293 1196 Hinc
304 1145 436 1212 Apostolus
451 1147 524 1198 nubis
535 1149 571 1196 eit
582 1165 591 1196 s
604 1146 657 1198 Per
670 1147 821 1212 potientium
834 1159 978 1196 curremus.
1067 1144 1071 1150 ’

227 1231 452 1293 zamorensem
464 1235 602 1281 auctorem.
619 1229 664 1280 Gr.
681 1231 711 1279 in
724 1229 799 1279 illum
816 1233 957 1289 auctorem,
969 1231 1019 1278 etc.
1033 1227 1094 1292 Syr.
1107 1231 1139 1283 et
1153 1231 1251 1292 respire-

197 1301 292 1350 musta
302 1300 388 1350 Jesum
398 1338 405 1362 ,
422 1303 466 1362 qui
478 1299 527 1350 fuit
539 1302 696 1365 principium
706 1304 732 1350 et
746 1297 865 1363 perfectio
876 1298 935 1348 fidei
947 1301 1051 1349 nostrae.

226 1371 309 1432 Pergit
320 1373 347 1420 in
360 1371 507 1434 metaphora
521 1374 546 1421 et
558 1370 632 1420 studii
646 1373 672 1420 et
682 1371 782 1420 cursis.

182 1443 191 1454 ’
230 1447 369 1496 curramus
382 1446 527 1508 aspicientes
543 1445 572 1494 s'u
583 1437 671 1495 lecum
680 1483 686 1501 .
694 1446 740 1506 qui
751 1457 797 1494 suo
809 1443 883 1494 nobis
893 1445 966 1507 praeit
975 1442 1112 1505 exemplo,
1128 1446 1158 1494 ει
1169 1446 1253 1507 (επιε-

196 1519 241 1565 eut
253 1514 467 1564 absolutissimum
481 1518 519 1564 est
527 1516 608 1564 nostri
617 1513 709 1564 cursus
719 1513 846 1577 exemplar
854 1550 863 1576 ,
872 1516 908 1563 tta
919 1517 945 1562 et
953 1518 1091 1564 coronatur
1102 1515 1169 1564 eric.

227 1591 258 1639 Iu
271 1595 412 1642 summum.
425 1591 582 1652 inceptorem
592 1587 661 1638 udor.

225 1658 340 1708 christus
353 1661 391 1708 est
410 1661 499 1708 euetor
511 1658 586 1720 fidei,
600 1661 646 1722 qui
662 1657 788 1710 credenda
800 1657 904 1718 docuit,
920 1661 946 1708 et
956 1657 1000 1707 tint
1012 1659 1129 1718 matiam
1139 1662 1173 1710 ut
1189 1660 1252 1711 ereis

103 1764 108 1773 ·
196 1741 263 1780 mus.

226 1805 259 1853 ut
270 1803 665 1866 couutmmetorem,fln1torcm,
681 1802 860 1866 perfectorem,
877 1805 1064 1853 coronatorem.

225 1873 270 1923 Est
279 1877 470 1924 consummator
481 1873 554 1934 fidei,
571 1875 631 1936 quta
642 1873 720 1924 tidem
726 1872 805 1934 gioria
815 1876 934 1932 coronat,
946 1876 1035 1921 actum
1045 1872 1111 1924 titiei
1119 1873 1227 1926 obscure
1234 1878 1252 1924 ir

186 1943 291 1994 clarum
304 1945 428 1994 visionem
439 1944 629 1993 eommutundo.

231 2018 281 2078 'Oui
291 2020 421 2082 proposito
433 2018 484 2068 sibu·
497 2020 607 2082 paucio,
622 2018 651 2068 tu
665 2021 720 2078 est,
732 2019 778 2080 qui
792 2018 889 2080 poudie
900 2028 931 2067 ex
942 2017 1060 2080 passione
1074 2031 1125 2070 sua
1135 2026 1253 2073 secuturo.

196 2089 248 2140 sibi
257 2102 302 2152 per
312 2089 435 2152 Angelum
446 2091 575 2152 proposito
589 2091 617 2138 in
627 2087 715 2149 horto,
727 2087 824 2138 scilieet
834 2087 1007 2137 Gethscmaui.

228 2165 354 2214 Sustinuit
366 2176 479 2222 erucem,
489 2162 515 2212 id
527 2167 566 2214 eet
573 2198 581 2225 ,
592 2175 682 2230 passus
696 2166 722 2213 et
734 2162 871 2213 crucifixus
881 2165 938 2228 cst,
950 2160 1041 2212 utute
1050 2164 1181 2225 medinm
1190 2179 1253 2217 mue

107 2256 108 2260 ,
196 2235 275 2283 retur.

231 2306 379 2369 Confusioue
391 2309 543 2372 contempto,
560 2309 586 2360 iti
601 2311 655 2370 est,
666 2309 748 2358 erucis
760 2307 893 2358 infamiam
904 2306 1103 2370 parvipendens

227 2383 306 2441 Atque
318 2383 346 2430 iu
357 2383 457 2432 deutero
468 2385 514 2432 Dei
525 2386 605 2444 sedet,
618 2385 644 2434 id
660 2387 712 2445 est,
722 2387 748 2432 et
760 2386 892 2448 propterea
905 2383 937 2432 ed
953 2395 1104 2452 supremam
1119 2390 1218 2438 erectus
1226 2392 1250 2436 es:

198 2449 314 2513 glorium,
326 2464 417 2517 nempe
432 2453 464 2504 ad
477 2455 604 2506 dexteram
616 2454 672 2504 liei.

226 2521 300 2570 turta
310 2520 381 2572 hunc
392 2535 511 2584 sensum,
522 2527 566 2586 qui
578 2527 671 2574 nostre
681 2521 793 2586 tutgate
802 2527 857 2585 cet,
869 2523 924 2575 haec
935 2526 974 2574 est
983 2535 1058 2574 mena
1071 2524 1205 2588 apostoli:

224 2591 296 2644 Sicut
309 2590 407 2642 Christo
425 2595 452 2643 in
469 2597 560 2657 agonia
578 2596 717 2644 constituto
730 2592 841 2655 Angelum
852 2593 974 2656 gaudiam
991 2599 1130 2657 proposuit
1144 2609 1176 2647 cx
1188 2606 1250 2646 meru

193 2666 356 2723 secuturum,
386 2675 477 2726 nempe
501 2667 726 2724 resurrectionem,
749 2662 855 2725 gloriam
884 2665 1012 2726 eorporis,
1035 2663 1152 2717 salutem
1182 2669 1249 2716 honi·

193 2743 257 2782 nuru
267 2769 274 2787 ,
285 2735 332 2780 ete.
346 2729 482 2782 salvatoris
497 2733 565 2780 eninr
577 2733 699 2793 gaudium
708 2732 890 2782 esthominum
901 2730 982 2791 setus,
996 2732 1034 2779 ait
1048 2731 1229 2784 Theodoreus.

224 2801 256 2850 lit
268 2803 334 2850 sieut
349 2799 480 2860 Christus,
493 2804 594 2865 propter
605 2800 655 2850 hoc
670 2800 792 2862 gaudiam
803 2800 850 2850 sibi
862 2801 1035 2862 propositum,
1046 2803 1139 2852 erneis
1157 2806 1250 2865 ignoni-

193 2871 265 2921 nium
281 2869 411 2934 amplexus
432 2875 487 2931 est,
502 2873 538 2920 tte
551 2875 577 2918 et
588 2881 635 2920 nos
649 2874 679 2919 tn
689 2872 820 2932 unimum
829 2871 947 2918 nostrum
961 2867 1069 2928 giarium
1081 2874 1219 2934 uernam,
1231 2877 1249 2921 tn

161 3001 166 3008 ‚
191 2942 351 3003 passionibus
362 2977 370 3002 ,
380 2940 464 2990 vivide
476 2951 633 2990 revocemus.
1001 2963 1006 2970 ·

223 3025 382 3075 onemursro
403 3035 552 3073 arrrnnrnrs
564 3035 595 3071 ns
609 3019 824 3071 uenture-Sed
839 3023 865 3070 et
877 3019 943 3071 elius
958 3030 1047 3069 sensas
1061 3023 1102 3070 est
1113 3023 1187 3082 Juxta
1198 3026 1248 3074 ors

191 3109 251 3146 cum
263 3098 288 3144 ει
300 3092 444 3154 Syriacum,
456 3096 481 3142 et
493 3104 569 3154 quern
589 3091 618 3140 D.
630 3091 824 3152 Chrysostcmus
841 3094 866 3139 et
880 3089 925 3138 aiii
942 3088 1023 3138 creet
1035 3094 1197 3153 sequnntur,
1211 3095 1246 3142 ini

190 3177 268 3227 quern
281 3162 356 3212 multi
374 3161 458 3210 Letlm
479 3161 634 3224 praeicrunt,
647 3163 766 3231 putantes
782 3160 985 3221 prepositionem
1004 3169 1054 3220 pro
1076 3157 1166 3210 deesse
1186 3168 1246 3211 testu

192 3239 278 3285 nostru
294 3232 382 3282 latino.
692 3254 696 3258 ·

222 3303 265 3353 Gr.
283 3303 327 3364 qul
344 3312 390 3364 pro
407 3302 534 3364 proposito
548 3300 595 3350 sibi
611 3299 717 3361 gaudio,
728 3301 778 3348 etc.
794 3298 908 3361 Sunuci
924 3308 971 3360 pro
985 3293 1080 3358 gaudio
1093 3299 1165 3359 quoti
1185 3301 1245 3349 huie·

190 3371 247 3432 hai,
263 3374 313 3421 etc.
325 3369 400 3420 Arub.
413 3371 455 3432 qul
468 3371 522 3420 vice
532 3369 654 3432 propositi
667 3369 715 3418 sibi
726 3365 830 3429 gaudii3

221 3442 249 3492 ld
267 3445 320 3500 est,
334 3441 378 3503 qui
399 3439 453 3490 loco
464 3439 566 3502 gaudii,
580 3450 630 3500 quo
649 3437 700 3488 irai
718 3441 829 3501 poterat,
845 3447 946 3486 erucem
963 3434 1244 3500 praeimminentis

192 3511 235 3562 tait
248 3511 372 3573 supplicio
387 3511 522 3570 conjunctu
537 3521 589 3558 non
602 3509 754 3558 retardatus.

221 3579 254 3630 tit
267 3579 310 3628 hic
321 3591 409 3628 sensus
419 3578 510 3628 melitis
525 3577 699 3639 intelligutur:

222 3647 285 3697 Filio
293 3647 337 3696 Dei
352 3649 406 3696 erat
417 3647 526 3697 liberum
537 3649 680 3707 incarnari,
688 3645 728 3696 sei
739 3659 793 3695 non
809 3657 817 3693 s
830 3644 904 3707 elegit
917 3647 1053 3696 incarnari.

222 3715 355 3766 lucarneto
370 3716 479 3766 liberum
490 3716 539 3766 inii
554 3717 605 3778 pati
614 3717 711 3776 ,mori,
724 3715 765 3764 vel
778 3728 870 3776 eorpus
884 3725 960 3765 suum
976 3715 1082 3765 reddero
1091 3718 1240 3780 impassibile,

191 3783 352 3835 immortates
363 3789 389 3831 et
399 3787 468 3846 optio
479 3785 537 3834 duta
547 3789 587 3833 est
597 3787 620 3834 ei
633 3785 742 3847 oprimc
749 3785 933 3835 incarnationis
944 3785 1050 3836 intanti
1057 3820 1068 3846 ,
1075 3785 1240 3852 attiinpertue

193 3848 321 3913 preelegit
334 3849 448 3900 Christus
459 3853 511 3913 pati
521 3854 547 3901 et
558 3853 633 3902 mori.
