2575 4459
143 311 198 370 590
398 305 401 310 ’
434 313 646 372 herstelle
659 314 709 370 AD
726 314 921 373 hunnos

145 419 197 462 nen
213 407 367 474 secessistis,
382 408 427 464 sed
437 423 481 476 per
495 411 571 462 tidem
582 415 607 462 et
618 411 746 476 Baptiama
768 419 895 468 montem
912 418 941 466 et
952 410 1101 466 civitatum
1118 406 1173 466 nui
1182 406 1223 465 vi-

144 481 281 530 aecessistls
304 479 397 532 adres
424 479 454 532 eh
475 483 675 546 prestantiores,
695 479 746 543 qut
769 489 1048 555 uentis,lerusalem
1057 489 1220 552 eoelestem,

143 549 224 610 magis
237 546 394 609 spirituales,
407 547 441 599 ad
456 549 614 632 spiritualem
631 554 745 600 muntem
769 572 797 620 ep
805 568 957 620 munorum
969 567 1094 620 mimum
1107 566 1220 633 angelo,

144 615 203 666 Sion
215 653 222 676 ,
236 615 268 665 ad
277 617 406 667 ciuitatem
419 615 462 667 ltei
472 619 594 680 uiuentis,
606 617 745 668 Jerusalem
768 659 830 698 mm
842 643 1047 712 frequentiam,

143 683 331 748 eoeiestem,aal
349 685 574 736 innumerabilium
592 685 745 750 Angelorum

143 758 253 814 eoetum3

175 821 213 873 Ad
224 820 362 872 Ecclesium
373 821 578 886 apostolerumet
587 826 744 884 martyrum,
802 825 849 875 23.
869 825 902 875 Et
921 821 1080 875 Ecclesiam
1096 820 1219 888 primiti-

141 895 334 960 primorumque
356 892 450 942 Christi
469 891 582 944 fidelium
595 895 639 954 qui
655 894 746 955 primi·
769 915 869 954 vop-um
880 899 931 969 qui
942 901 1102 969 com-spu
1114 904 1218 956 summ

141 963 191 1014 tias
212 961 323 1026 Spiritus
341 963 744 1026 acceperunt5qnlppe1amvitt
768 979 844 1032 omps

143 1031 240 1093 teneti,
250 1035 356 1093 regnant
372 1033 399 1081 in
411 1030 497 1092 coelis;
850 1018 858 1044 ’

174 1098 212 1150 Ad
235 1099 349 1159 judicem
372 1101 554 1150 universarum
583 1100 681 1162 mum,
702 1103 743 1151 eui
768 1107 798 1156 et
817 1101 944 1157 ludieem
960 1101 1094 1155 emulum
1112 1105 1216 1170 Deum,

142 1169 263 1224 charitate
274 1171 339 1220 uniti
353 1171 432 1230 estis;

171 1239 210 1291 Ati
220 1242 323 1305 spiritus
336 1239 537 1304 patriarcharum
547 1275 554 1301 ,
563 1237 745 1303 prophetarum
767 1247 795 1295 et
807 1241 1072 1310 spiritusp'usiorum
1082 1242 1217 1310 perfecto·

145 1315 171 1364 et
184 1313 300 1362 emnium
310 1311 523 1374 sanctorum,qui
536 1321 581 1374 per
591 1308 668 1362 fldem
678 1311 744 1360 mira
767 1334 830 1374 rum
837 1357 847 1386 ‚

143 1383 239 1448 operati
250 1385 275 1432 et
284 1383 350 1444 pessi
362 1385 438 1441 sunt;

172 1451 212 1504 Ad
231 1451 457 1502 nuri'lestamenti
474 1449 620 1515 ponuucem
638 1450 743 1514 lesum,
803 1453 849 1504 ht.
878 1452 912 1503 Et
941 1450 1122 1504 Testamenti
1156 1452 1218 1506 neri

143 1524 203 1585 eui,
214 1521 286 1580 seint
298 1522 413 1572 membra
425 1523 520 1586 capiti,
534 1522 689 1586 lneorpumtt
706 1535 745 1572 es-
767 1528 950 1582 mediatorem
967 1530 1086 1595 lesum,
1107 1533 1138 1583 ep
1154 1545 1218 1584 m.

143 1717 210 1756 nuua
223 1701 381 1768 promulgata
398 1705 436 1754 est
452 1703 535 1753 indie
550 1701 727 1764 Pentecostes,
742 1715 787 1766 per
802 1703 952 1754 descensum
965 1702 1081 1767 spiritns
1096 1709 1183 1758 saneti
1193 1710 1217 1758 iu

141 1772 312 1894 spggtcpigim
328 1839 438 1904 intellige
453 1841 510 1891 tum
521 1833 693 1904 militantem,
705 1846 763 1894 tum
773 1841 985 1905 triumphantem.

172 1929 205 1978 Et
215 1927 339 1977 ciuitatem
353 1926 400 1976 Det
417 1925 536 1985 uiuentis,
551 1925 694 1976 Jerusalem
707 1926 840 1985 celestem,
854 1925 881 1975 id
894 1929 948 1984 est,
959 1924 993 1974 ad
1002 1923 1156 1978 Jerusalem
1167 1941 1217 1979 em-

143 1997 247 2059 lestem,
260 2009 317 2059 que
327 1999 364 2045 est
374 1997 464 2045 ciuitas
476 1995 520 2044 liei
531 1997 640 2052 viventis
649 2016 658 2057 ;
669 1998 706 2045 ita
716 1995 827 2056 dieitur,
838 1996 899 2058 qula
911 1995 978 2044 Desa
989 1994 1068 2046 illine
1077 2004 1119 2049 est
1129 2005 1217 2051 mesor

142 2074 169 2122 et
179 2069 288 2133 ortissu,
303 2072 332 2118 ut
342 2067 438 2118 dletum
450 2070 488 2118 est
498 2066 574 2129 supra
585 2103 593 2127 ,
606 2078 663 2129 cap.
679 2070 706 2116 tt
718 2079 768 2126 ,·n.
783 2069 822 2116 itt.

171 2149 205 2200 Et
219 2147 359 2197 multorum
373 2145 493 2196 millium.
509 2144 553 2195 Gr.
564 2143 707 2207 llyriadum
718 2142 872 2205 Angelorum
881 2143 1062 2210 frequentans.
1073 2143 1124 2198 Gr.
1139 2153 1217 2205 ws-

141 2233 203 2282 pupu
214 2247 224 2277 ‚
235 2217 328 2278 idest,
344 2215 468 2266 celebrem
484 2227 513 2265 su
525 2213 611 2265 laetum
624 2217 789 2264 conventum.

172 2287 312 2350 opponitur
324 2283 369 2336 hie
382 2283 503 2346 gaudium
514 2286 540 2334 et
550 2282 637 2334 latitia
651 2282 821 2345 angelorum,
834 2280 947 2346 fulgetris
959 2296 990 2336 ae
1003 2285 1133 2340 tonitruis
1146 2301 1216 2340 men
1275 2282 1276 2307 ³

145 2360 177 2410 tis
187 2357 247 2408 sira
262 2366 308 2420 per
324 2353 431 2416 Angelos
441 2353 473 2404 ad
484 2357 607 2404 terrerem
618 2355 741 2404 excitatis.

177 2443 216 2490 ta.
229 2440 262 2488 st
277 2436 415 2486 Ecclesium
432 2437 631 2499 primitivorum.
643 2437 688 2488 Gr.
702 2438 944 2500 primogenitorum
964 2437 990 2488 iu
1004 2441 1043 2488 est
1047 2458 1056 2499 ι
1077 2437 1132 2490 hde
1148 2444 1215 2493 uniti

145 2510 206 2560 estis
223 2519 281 2557 cum
298 2503 439 2569 Apostolis,
454 2506 622 2568 martyribus,
635 2508 776 2570 primisque
796 2505 889 2556 Christi
905 2506 1021 2557 ildeiihus
1033 2507 1090 2558 vitat
1104 2507 1213 2563 functis.

169 2579 331 2640 Primegeniti
342 2575 464 2626 dieantur
475 2574 586 2639 Apostoli
597 2615 605 2638 ,
618 2579 679 2639 quia
697 2577 775 2640 primi
788 2576 803 2624 a
816 2575 917 2626 Christe
932 2579 1085 2639 regeneratl.

170 2650 295 2701 Primitirl
306 2686 312 2711 ,
325 2648 384 2710 quia
396 2647 522 2711 primitias
534 2650 560 2696 et
570 2645 754 2697 abundantiam
765 2645 873 2708 Spiritus
883 2650 1043 2710 aeceperunt.

172 2726 221 2788 Oui
237 2721 370 2788 emnertpts'
380 2727 438 2772 sunt
446 2723 475 2771 in
490 2721 574 2779 oeus,
583 2719 609 2770 id
621 2725 673 2782 est,
685 2732 794 2781 quorum
807 2733 860 2770 non
872 2723 977 2770 namins
990 2718 1095 2772 tantem
1107 2725 1212 2774 suntin
1273 2776 1274 2787 ,

142 2797 206 2860 libro
221 2797 280 2846 uitus
290 2831 297 2855 ,
309 2793 353 2843 sed
366 2795 392 2842 et
405 2793 453 2854 ipsi
464 2794 523 2841 actu
536 2794 562 2840 et
571 2790 655 2853 reipst
664 2793 771 2853 regnant
787 2791 816 2839 ln
832 2789 910 2840 eoeiis.

167 2874 201 2924 Et
209 2871 321 2934 pudieam
340 2867 453 2919 emnium
469 2867 559 2936 Deum.

168 2941 220 2992 lise
231 2939 326 2990 dieitur
338 2949 390 2988 non
406 2935 439 2987 all
449 2937 587 2996 terrorem,
599 2933 644 2986 sed
659 2933 693 2984 ad
703 2934 910 2987 consulationem.

168 3009 313 3062 henesststis
327 3019 373 3072 per
383 3005 460 3056 fldem
475 3008 501 3056 et
520 3004 672 3056 charitatem
685 3003 719 3056 ati
734 3005 836 3067 Deum,
851 3008 893 3056 cui
908 3003 988 3068 gnua
1004 3003 1099 3058 Christi
1114 3017 1208 3060 resen

143 3079 221 3132 eiiiati
232 3079 310 3138 estis,
326 3077 367 3126 eui
381 3074 505 3124 charitate
514 3075 581 3124 uniti
594 3075 664 3124 estis.

170 3149 286 3200 charitas
303 3150 390 3196 autem
411 3149 449 3194 est
467 3143 583 3209 quedam
599 3144 845 3199 homintseumueo
856 3147 986 3207 amleitta3
1004 3144 1101 3197 Indicis
1120 3148 1205 3212 itaque

138 3222 214 3270 uestri
230 3217 289 3267 iacti
303 3215 363 3265 estis
376 3213 463 3264 amici.

169 3297 202 3346 ut
213 3293 319 3356 spirens
327 3289 456 3353 iustorum
464 3289 648 3354 perfectorum,
657 3304 716 3353 seu,
728 3293 803 3342 utait
811 3290 904 3355 Syrus,
917 3293 962 3353 qui
974 3289 1076 3356 perieett
1089 3290 1200 3344 tuarum.

168 3363 281 3426 lnteliiga
296 3363 394 3411 animas
409 3361 629 3423 patriarcharum,
646 3362 827 3427 prophetarum
843 3365 868 3411 et
883 3366 1048 3423 sanaturum,
1066 3360 1200 3425 dequibus

140 3439 167 3488 in
186 3437 268 3500 eapite
283 3431 453 3497 precedenti,
472 3433 516 3494 qul
534 3444 579 3496 per
599 3431 676 3483 fldem
691 3435 756 3482 mira
773 3437 904 3494 gesserant
916 3450 924 3482 ε
936 3431 980 3482 sed
993 3435 1052 3482 ante
1072 3429 1199 3486 Christum

138 3519 190 3562 uon
202 3503 372 3556 consummati
382 3501 499 3564 luerunt,
512 3505 541 3552 ut
552 3501 649 3552 dietum
662 3505 700 3552 est
710 3503 759 3563 ihi,
771 3517 798 3554 n.
813 3504 852 3553 it).

167 3575 233 3627 ilum
253 3575 295 3625 hts
308 3572 426 3623 omnihus
437 3573 582 3622 societatem
594 3571 719 3623 habemus
728 3609 737 3634 ,
746 3575 806 3636 qula
822 3571 935 3634 ejusdem
954 3571 1072 3624 Euelesiss
1086 3574 1198 3626 mamhra

142 3656 248 3703 tumus,
267 3643 341 3704 eujus
360 3643 436 3703 eaput
455 3643 493 3690 est
507 3637 630 3690 Christus.

169 3727 209 3777 tt.
221 3725 253 3774 itt
273 3721 485 3773 salamantinam
495 3723 658 3772 mediatorem
672 3722 768 3772 lesum.
876 3765 881 3774 .

170 3791 299 3850 Denique,
318 3789 350 3840 ad
366 3789 467 3848 lesum,
489 3787 581 3838 Filium
601 3789 662 3850 liei,
678 3791 738 3839 nori
758 3794 784 3839 et
800 3791 888 3840 sterni
906 3791 1060 3844 Testamenti
1074 3791 1196 3848 mnua-

140 3871 195 3908 rem
204 3877 213 3916 ;
228 3859 287 3913 cui,
302 3859 425 3916 tanquam
441 3857 554 3905 membra
572 3860 664 3918 capiti,
682 3860 833 3920 incorporati
849 3861 918 3909 estis.

170 3931 203 3978 Es
217 3926 348 3988 ranputnir
363 3928 538 3986 aspernemur.
558 3929 600 3979 Gr.
617 3931 766 3991 sanguinem
782 3933 950 3996 aspersienls,
966 3931 993 3984 ld
1011 3937 1064 3998 est,
1087 3935 1122 3988 ad
1138 3949 1197 3993 nn-

143 3997 246 4075 guinem
256 3989 349 4040 christi
362 4003 436 4056 super
451 4005 498 4045 nos
514 3993 623 4048 eitusurn
638 4001 665 4048 et
677 4008 815 4064 aspersum.
