2575 4459
163 242 217 298 ss!
337 239 523 296 SEGURDAE
540 237 745 294 EPISTOLAE
763 237 812 289 li)
830 232 1058 290 nitioiilhiil

192 333 256 388 iiain
267 333 414 398 (Evangelii
426 331 520 397 nauel)
531 333 608 396 lento,
620 334 688 383 deut
697 343 761 398 pru-
820 336 847 385 5.
855 331 961 384 Laboro
972 325 1225 382 sleutbouuamllee

163 403 247 456 elanus
261 403 354 454 Christi
373 401 433 454 lesu
447 401 530 452 miles.
785 409 889 464 Christi
900 412 965 463 105„
972 445 983 473 ‚

192 485 299 537 Attende
319 483 386 547 quod
404 486 449 548 qui
466 484 509 534 Del
525 483 622 535 militia
637 485 762 545 amriptue
819 492 847 542 ii.
857 490 945 540 Nemo
960 485 1083 538 militans
1098 487 1157 539 Deo
1172 481 1225 535 lm·

163 560 216 614 est,
233 554 310 614 huius
324 556 383 604 ritu
402 555 509 616 negotiis
528 565 580 602 non
602 553 761 614 implieetur,
784 565 866 632 plicae
876 563 1033 629 senegoffis
1044 560 1223 621 secularibus,

162 627 193 742 :rot
205 620 515 752 sgtgtlrlrffietlerglltlitiu,
534 624 561 671 et
570 619 669 684 pleeeat
680 623 704 670 ei
717 623 761 684 qni
784 648 816 696 u,
826 642 854 696 ei
863 642 972 709 Mt
981 641 1029 696 wi
1046 653 1078 694 ω
1088 636 1223 717 ΝΟΜ·

162 887 271 952 applicet
290 889 338 940 sihi
355 885 461 951 quilibet
475 883 568 936 Christi
588 884 721 945 minister,
735 881 789 935 imo
801 887 827 935 et
838 883 944 947 enihhet
962 881 1140 943 ohridienne,
1156 883 1225 942 iuxta

163 964 257 1010 statum
270 971 356 1009 suum.

197 1035 233 1083 lis
251 1047 326 1098 ergo,
340 1029 383 1096 tile·
391 1032 443 1090 mi,
454 1029 526 1082 tortis
537 1032 590 1080 esto
601 1066 608 1089 ,
620 1030 720 1079 animos
731 1041 833 1079 assume
847 1028 881 1079 ad
889 1031 935 1080 tua
951 1030 1041 1078 munia
1057 1029 1086 1078 in
1101 1029 1225 1077 statutae

163 1103 265 1153 strenue
277 1101 393 1152 obeunda
410 1113 455 1164 per
470 1102 576 1162 gretiam
589 1099 652 1159 tihi,
671 1101 760 1148 souin
774 1098 917 1162 Baptismo.
936 1111 982 1148 seu
999 1100 1027 1147 in
1046 1097 1226 1156 ordinatione,

164 1186 208 1224 seu
220 1175 246 1222 in
261 1171 437 1231 Matrimonia,
449 1170 481 1220 oh
492 1169 621 1219 Christum
632 1167 749 1218 collatam
761 1204 768 1228 ,
781 1173 806 1218 et
818 1180 864 1232 per
877 1169 984 1230 gratiam
996 1166 1043 1217 tihi
1056 1168 1084 1216 in
1095 1167 1227 1216 occasione

163 1242 289 1303 dandam,
307 1245 332 1292 et
347 1241 379 1292 ad
394 1253 472 1304 quam
483 1277 491 1301 ,
504 1241 530 1290 vi
546 1239 699 1290 sacramenti
710 1240 822 1302 reeepti,
837 1240 880 1299 ius
899 1238 985 1287 hahes.

193 1313 263 1364 liano
276 1325 337 1372 ora,
350 1311 418 1362 hene
429 1313 486 1374 pete
496 1346 504 1368 .
515 1309 648 1360 humiliter
661 1311 688 1358 et
703 1319 763 1358 eum
777 1305 888 1369 iidnein,
903 1318 948 1370 per
961 1305 1092 1357 Christum
1104 1303 1226 1356 mediato·

163 1393 217 1432 reun
230 1386 357 1432 nostrum.
1000 1425 1005 1433 ,

193 1450 284 1514 Aspice
300 1449 404 1510 lesum,
420 1460 524 1498 reenrre
535 1447 568 1497 ad
583 1446 689 1504 lesum,
704 1446 811 1508 gratim
821 1448 879 1509 pete
889 1457 933 1510 per
944 1445 1040 1496 lesum.

193 1519 305 1568 Gratiam
316 1531 372 1580 guo
382 1523 417 1567 ert
426 1518 454 1566 in
467 1517 564 1567 Christo
575 1516 645 1564 Jeeu.

193 1587 245 1642 lloe
255 1587 395 1650 emphasim
406 1586 491 1638 hahet.
503 1585 618 1636 Christus
630 1584 703 1635 nohis
719 1584 776 1634 iona
786 1585 825 1634 est
834 1585 919 1646 gratia
929 1601 937 1633 ι
949 1583 979 1634 de
992 1581 1065 1646 euius
1072 1582 1227 1647 plenitudine

163 1671 209 1707 eos
221 1657 462 1720 omnesueeips'mus.
933 1654 939 1660 ”

192 1727 231 1778 iu
242 1727 313 1778 hune
327 1738 385 1788 ergo
400 1728 485 1790 gratia
497 1724 593 1776 iontem
605 1736 723 1785 reeurre,
735 1724 797 1775 hnie
808 1724 873 1774 lenti
883 1724 994 1787 teipsum
1010 1724 1056 1773 uni
1065 1721 1130 1783 hdo,
1142 1723 1227 1774 ehari-

163 1801 230 1858 iaie,
243 1802 274 1848 ιιι
286 1799 314 1848 ln
332 1800 407 1848 tuum
422 1808 476 1847 sese
491 1798 577 1846 sinum
593 1794 717 1846 eiiundnt.

192 1892 217 1940 ι.
234 1887 336 1939 lohere
346 1888 413 1938 sicot
425 1885 503 1936 honos
512 1885 592 1936 miles.

193 1957 303 2008 Moero.
319 1957 363 2007 Gr.
374 1955 545 2016 κακοπαθισον,
558 1953 626 2006 muln
637 1957 737 2018 patere,
749 1955 813 2006 dura
825 1954 906 2016 lerto,
918 1957 946 2006 in
963 1954 1074 2007 adversis
1092 1954 1226 2008 obdurare·

193 2029 265 2079 aient
282 2026 369 2077 loeus
385 2027 428 2078 Gr.
442 2025 566 2090 pnleher,
585 2025 722 2088 praeelarns
738 2026 811 2076 miles
828 2026 888 2075 lesu
908 2025 1010 2075 Christi.

193 2097 270 2160 Quasi
285 2097 379 2147 dieerel
397 2115 404 2146 s
422 2095 550 2146 l’raeelarae
566 2094 625 2144 lesu
640 2095 735 2144 Christi
753 2095 850 2144 militie
869 2107 963 2145 nomen
980 2093 1087 2157 dedisti;

192 2166 300 2220 llilltntu
312 2168 400 2217 numm
412 2167 451 2214 est
463 2164 531 2226 mate
547 2166 572 2214 et
585 2163 694 2215 libenter
708 2163 774 2213 terre
791 2162 904 2225 iabores,
918 2163 971 2214 imo
984 2162 1068 2214 dolere
1094 2161 1157 2215 erim
1175 2177 1228 2216 non

163 2235 301 2287 laborante

192 2307 230 2356 Tu
243 2318 301 2368 ergo
311 2303 345 2366 ,d
361 2301 480 2368 praelate
495 2301 588 2352 Christi
599 2301 690 2363 miles,
702 2302 749 2352 suh
765 2304 836 2352 tanto
847 2301 912 2352 duee
922 2301 1018 2352 fortiter
1028 2301 1134 2354 advema
1146 2304 1227 2366 lerto,
1283 2310 1284 2359 i

163 2378 188 2424 et
203 2377 230 2424 in
242 2374 369 2424 laboribus
380 2372 503 2422 obdurare
514 2388 523 2420 a
534 2371 592 2422 lorti
603 2372 669 2422 ieras
679 2373 766 2421 animo
778 2371 900 2435 quidquid
916 2371 1044 2435 Evangelii
1054 2374 1133 2424 eausa
1144 2376 1227 2439 perie-
1283 2432 1284 2443 χ

164 2443 271 2494 rendum
287 2443 407 2494 oeeurrit.

193 2534 216 2580 i.
232 2533 308 2581 Nemo
320 2530 433 2582 ase'la‘tone
445 2529 497 2580 Deo
511 2528 559 2594 (in
570 2529 657 2582 oraeeo
669 2543 722 2580 non
738 2532 777 2580 est
786 2527 857 2592 Deo)
877 2529 993 2592 implicat
1004 2544 1059 2582 ee...
1076 2531 1121 2582 Gr.
1142 2534 1227 2600 impii·
1283 2562 1284 2587 r

163 2605 235 2652 catur
245 2602 304 2651 uitae
315 2603 429 2662 negotiis.

180 2668 339 2788 11Ιιιιιὲιθιῖιιιιέιιιι
353 2670 407 2718 uiui
419 2667 496 2720 hehet
508 2687 516 2720 ι
529 2671 578 2720 istn
595 2671 694 2731 negotia
710 2671 770 2719 sunt
783 2667 901 2728 vincula,
920 2671 980 2720 sunt
990 2674 1129 2735 serpentes.
1143 2673 1226 2725 Theo-

163 2753 180 2862 P
195 2753 224 2864 lylt
236 2815 259 2864 el
273 2773 372 2877 plueeut
385 2814 427 2864 eui
440 2827 467 2864 ee
476 2813 606 2877 probauit.
618 2813 663 2863 Gr.
674 2816 704 2863 ut
714 2812 834 2876 deligenti
849 2814 944 2865 milites
959 2813 1074 2878 plaeeel,
1088 2815 1115 2864 id
1130 2821 1184 2880 est,
1197 2824 1225 2870 nt

162 2884 261 2948 placent
278 2885 301 2932 el
320 2886 363 2945 qul
377 2896 404 2933 se
418 2886 446 2933 in
461 2882 570 2932 militem
583 2881 674 2944 elegit;
686 2885 758 2943 qnasi
774 2883 888 2932 diceret:

116 2953 119 2960 '
193 2955 227 3004 lia
242 2953 354 3004 militum
365 2951 406 3017 lex
416 2956 494 3004 estet
507 2951 634 3011 conditio,
649 2956 679 3001 nt
688 2950 753 3002 nihil
763 2950 834 3001 eliud
843 2953 921 3015 qnam
934 2952 1146 3006 hellum'eturma
1157 2961 1225 3020 eogi-

161 3028 257 3144 terilitineet
265 3027 421 3154 ,affinem
436 3093 545 3155 principi
563 3103 657 3142 numen
674 3089 760 3152 dedit,
774 3091 860 3142 statim
873 3092 905 3142 nh
919 3092 1037 3144 omnihus
1047 3094 1170 3145 eximitur
1184 3108 1226 3146 se-

161 3162 288 3212 cularibus
307 3161 376 3210 euris
396 3164 423 3210 et
442 3161 563 3222 negotiis,
576 3161 592 3209 a
612 3163 753 3210 mercatura
763 3197 770 3221 ,
782 3161 798 3210 a
810 3159 904 3221 tutela,
916 3164 976 3222 ete„
992 3165 1022 3211 nt
1040 3173 1067 3210 se
1083 3166 1169 3213 totum
1184 3164 1227 3214 det

159 3231 275 3291 militia,
293 3231 376 3292 sitque
390 3232 477 3290 gnatus
495 3231 642 3292 imperatori
656 3225 700 3278 eni
713 3241 742 3280 se
755 3229 825 3279 dedit
835 3232 861 3280 et
873 3232 917 3291 qui
933 3229 1006 3280 illum
1017 3231 1083 3279 inter
1098 3244 1161 3283 snos
1174 3237 1225 3284 mi·
1282 3250 1283 3297 1

161 3303 218 3351 lites
232 3299 357 3362 nsoripsit.

191 3372 217 3420 si
233 3369 282 3419 hoe
295 3370 322 3419 in
341 3366 448 3418 seculari
466 3367 574 3428 militie,
591 3365 687 3428 quanto
698 3365 780 3428 mags
795 3368 823 3416 in
842 3366 995 3419 christiana!

191 3441 230 3489 'ln
245 3441 271 3488 te
285 3450 342 3500 ergo
357 3441 440 3488 totum
455 3435 488 3488 da
503 3435 596 3486 Christi
611 3435 730 3487 milities
749 3438 846 3500 suteris
858 3437 976 3498 omnihus
990 3433 1127 3501 neglectis,
1141 3425 1226 3490 unum

162 3511 207 3559 tihi
221 3519 289 3558 euru
303 3509 337 3556 sit
354 3505 471 3566 Christo,
489 3505 635 3568 imperatori
653 3506 713 3568 tuo,
724 3503 839 3568 plaeere,
855 3507 938 3567 quite
956 3507 984 3555 in
996 3518 1055 3556 suos
1067 3507 1160 3572 eligere
1172 3508 1225 3572 dig-

161 3583 238 3630 uatus
252 3579 291 3628 est
305 3574 414 3635 milites,
428 3573 481 3624 inno
494 3577 520 3624 et
534 3572 621 3624 duees.

192 3660 350 3742 Oasnnvrsro
368 3668 488 3708 sonatis.
502 3681 535 3694 -
552 3656 624 3718 Quod
638 3655 771 3707 Timotheo
785 3654 848 3706 dieit
866 3655 1018 3720 Apostolus,
1035 3657 1084 3709 hoe
1104 3661 1131 3710 et
1154 3661 1225 3711 omni

162 3728 411 3857 ffillgetorffiirnelsguodd
422 3795 516 3848 Christi
529 3797 564 3846 sis
576 3795 668 3857 miles3
809 3768 813 3773 ⁵

1281 3486 1284 3525 i

193 3865 268 3926 ouon
284 3864 339 3913 ineo
362 3865 528 3916 apenninus
545 3865 683 3915 mannan
700 3864 806 3926 agenn
824 3863 859 3914 etr
874 3867 1020 3928 exemptus,
1038 3867 1068 3916 ιιι
1084 3865 1120 3916 ιι
1136 3870 1225 3918 omna
1282 3840 1283 3857 ³

161 3935 256 3986 christi
267 3933 385 3984 mandata
396 3936 430 3986 sis
445 3935 591 3999 expeditior.
