2575 4459
194 300 231 355 eo
385 264 519 351 rnrsrrn
535 288 744 348 sorssors
762 287 811 342 sn
829 281 1063 341 rrrrosnnnrs

223 394 256 445 tt
277 394 416 457 prunorum
439 404 486 454 pro
506 390 606 453 regibus
627 390 654 438 et
666 386 794 444 ,omnibus
849 386 878 437 9.
890 386 944 437 Pro
953 378 1264 449 reginus,stemninns

193 461 375 523 rempuiriiesm
397 459 558 521 ger-entibus,
575 460 604 506 ¹1²
622 454 748 519 ihildflm
763 466 793 503 ⁸0
817 461 866 528 qui
886 460 916 513 in
939 459 1108 513 sublimitate
1134 464 1220 517 sunt,
1239 464 1263 507 ui

193 532 306 593 qssleffln
317 530 364 579 sub
376 528 426 579 uns
436 530 516 578 Vlfflm
537 528 655 587 agentes,
673 526 793 587 Pietatem
817 539 940 607 quietam
950 544 978 592 ει
989 536 1173 603 tranquillam
1183 537 1263 587 vitam

193 598 294 649 tunitius
305 598 464 659 excolamus,
474 607 626 658 omnemque
636 594 794 646 morumne
817 632 949 686 agamus,
965 631 995 670 m
1014 614 1094 670 omni
1111 614 1224 683 piem
1242 623 1264 667 et

195 672 327 725 mmm·
818 696 954 751 castitate.

194 886 200 895 .
225 848 295 901 idem
310 848 398 901 eedem
410 849 485 899 modo
496 846 603 912 erpiieut
616 846 691 897 disus
705 845 822 896 Thomas.

225 916 298 980 Quod
303 918 428 982 precipue
437 923 464 968 in
474 919 532 969 divo
546 917 687 979 Augustino
697 915 918 986 notandumque
926 911 1115 977 indeprobstur
1127 914 1264 977 enuqursn

193 991 276 1043 nisse
286 990 370 1053 quoad
385 1002 473 1041 omnes
487 990 541 1050 ejus
552 990 644 1051 pestes.

226 1066 281 1115 Pro
292 1064 408 1115 omnibus
424 1063 583 1119 dominibus,
595 1061 621 1111 id
632 1063 686 1120 est,
697 1072 744 1123 pro
755 1061 880 1110 universis
892 1062 918 1108 et
930 1056 1037 1127 singulis
1052 1057 1225 1118 hominibus,
1237 1062 1263 1107 in

193 1137 227 1184 ut
235 1131 337 1185 nulium
351 1142 455 1196 prorsus
468 1129 501 1181 ab
514 1132 628 1181 oratione
639 1128 822 1189 excludemus,
834 1128 902 1191 qnod
919 1132 979 1178 note
993 1131 1098 1191 propter
1117 1133 1264 1191 sequentia,

197 1218 225 1255 ι.
236 1205 260 1253 i.

196 1330 205 1341 ,
227 1272 349 1325 Seserdm
364 1276 402 1324 est
412 1272 485 1336 quusi
497 1273 577 1323 totins
589 1270 658 1321 orbis
670 1272 742 1334 peter
755 1281 763 1317 e
775 1268 880 1330 dignum
893 1269 970 1329 igitur
986 1270 1023 1317 est
1038 1270 1067 1317 ut
1083 1270 1210 1319 omnium
1226 1283 1264 1317 on-

201 1354 252 1395 rem
266 1348 351 1405 geret,
362 1343 531 1405 omnibusque
541 1339 688 1404 provideat,
704 1340 772 1389 sieut
782 1343 808 1387 et
821 1337 887 1387 Deus
897 1374 904 1398 ,
913 1339 987 1397 eujus
996 1338 1144 1386 ministerio
1154 1342 1235 1389 servit
1247 1347 1265 1385 or

202 1415 253 1465 iios
263 1412 394 1475 iungitur,
407 1414 444 1461 ait
453 1412 483 1461 ii.
497 1410 700 1472 chrysostomus.
944 1451 952 1459 ,,

199 1516 203 1521 -
226 1481 385 1531 Christianus
395 1484 433 1529 est
443 1480 487 1529 liei
500 1478 568 1529 tilius
577 1477 728 1538 schristinni
741 1488 800 1539 ergo
809 1476 1007 1537 enarrassent
1016 1478 1043 1525 et
1054 1476 1102 1525 liei
1118 1477 1207 1527 Putris
1219 1479 1260 1533 sui.

198 1550 348 1601 ostendatur
359 1547 391 1599 ed
403 1560 491 1597 omnes
502 1565 510 1596 ε
523 1548 557 1597 sit
569 1545 693 1610 perfectus
706 1547 773 1595 sieut
783 1553 807 1595 et
819 1547 897 1596 Pater
912 1546 1082 1603 sulmonem.

228 1618 266 1668 iid
278 1630 366 1668 omues
383 1619 503 1678 miseros,
520 1616 546 1665 td
559 1620 613 1677 ost,
624 1617 658 1666 od
668 1627 757 1666 omnes
767 1610 967 1679 nominemus
977 1618 1047 1664 enim
1063 1614 1211 1667 hominum
1223 1630 1265 1665 non

198 1686 312 1749 miserr)
324 1723 332 1748 ‚
346 1687 379 1737 ed
390 1698 495 1747 omnes,
505 1688 623 1747 inquom,
634 1688 741 1735 miseros
753 1684 912 1745 extenditur,
924 1689 949 1734 et
967 1688 1037 1747 putet
1047 1684 1093 1734 liei
1110 1689 1244 1736 miseratio
1258 1707 1263 1733 ι

199 1758 232 1808 sd
246 1768 333 1807 omnes
351 1758 428 1819 igitur
443 1758 565 1817 miseros,
576 1768 622 1806 seu
634 1755 752 1806 homines
762 1766 777 1815 ,·
788 1754 938 1804 extendetur
955 1752 1070 1803 tideiium
1083 1756 1173 1805 oratio
1192 1774 1200 1805 z
1222 1761 1266 1804 oret

199 1826 359 1877 Christianus
371 1837 417 1889 pro
430 1824 549 1875 omuibus
559 1826 585 1873 et
595 1824 702 1885 siugulis
711 1824 867 1874 nominibus.
1280 1877 1282 1888 ἱ

230 1896 262 1945 Et
273 1893 327 1945 haee
341 1900 378 1947 est
397 1893 483 1956 reguis
503 1892 672 1943 eeclesiastico
685 1894 831 1954 imagistro
846 1892 966 1942 Gentium
983 1892 1077 1943 tredite
1091 1891 1148 1955 qut
1164 1899 1265 1946 utuntur
1280 1913 1282 1946 ;

200 1965 341 2019 saeerdotss
352 1966 434 2015 nostri
443 1967 472 2014 ut
483 1963 625 2027 suppiieent
640 1975 687 2024 pro
698 1962 829 2022 omnibus,
840 1963 877 2011 nit
890 1961 1081 2013 Ambrosianus.
1280 1949 1282 2008 Ι

230 2035 283 2086 ilde
299 2035 387 2085 eedem
405 2034 492 2097 reguit
511 2036 598 2085 ututur
615 2032 722 2095 quilibet
739 2031 820 2081 tidelis
836 2043 927 2082 suune
948 2031 1075 2089 onseoret.
1093 2046 1171 2085 nune
1189 2019 1282 2099 peisti

201 2117 272 2157 nune
285 2105 456 2168 gratissugut.
729 2158 732 2164 ,
1280 2093 1282 2170 t

202 2224 205 2229 ,
232 2174 328 2226 Rursus
340 2175 434 2223 iterum
451 2176 505 2223 oret
514 2208 523 2232 ‚
532 2172 668 2231 sutrmque
680 2171 773 2232 gratim
784 2171 842 2231 eget
850 2205 857 2230 ,
866 2181 925 2219 mox
937 2168 1063 2228 obseoret‚
1070 2169 1174 2232 trosque
1186 2184 1267 2221 omnes

200 2244 294 2291 mentis
311 2245 337 2291 et
356 2240 439 2291 sordis
458 2240 563 2291 stieotus
583 2237 661 2289 simul
679 2239 786 2289 mnoeet
806 2240 832 2287 et
851 2236 974 2299 eiteruet,
988 2234 1102 2307 exempto
1121 2239 1230 2291 navidis
1246 2246 1266 2289 in

200 2310 314 2373 psalmis.
576 2344 579 2351 ⁴

230 2380 383 2439 essemque
395 2379 423 2429 in
438 2376 526 2428 eidem
536 2379 650 2429 eredens
662 2376 778 2428 inotende
788 2380 814 2428 et
824 2378 916 2441 sepius
928 2375 1080 2428 reiteranda.

232 2466 256 2513 2.
267 2460 321 2513 reo
333 2462 437 2524 sopitus
447 2467 471 2515 et
485 2462 601 2513 omnibus
610 2462 656 2525 pse·
663 2462 692 2511 s'ss
702 2460 867 2511 mdtimimte.
874 2460 918 2511 Gr.
925 2460 1047 2521 digniore
1059 2458 1101 2509 vei
1109 2462 1265 2517 eminentis,

204 2534 260 2597 Syr.
272 2532 440 2595 magnetibus.
448 2532 594 2583 Ambrosius
603 2569 611 2593 ,
620 2533 665 2594 qui
675 2532 704 2580 iu
714 2528 855 2579 sublimiori
870 2529 925 2579 loeo
936 2531 1011 2593 positi
1025 2533 1096 2579 sunt.

140 2632 145 2641 ·
231 2608 283 2657 Pro
294 2608 413 2669 sepibus,
423 2607 523 2658 etiamsi
534 2606 660 2665 ethnieis,
675 2616 724 2655 nee
736 2605 807 2653 euim
817 2603 861 2653 elii
871 2608 935 2653 tuno
947 2607 1020 2653 erent
1032 2604 1059 2652 in
1069 2605 1186 2657 mundo.

232 2673 280 2726 Pro
293 2674 395 2727 illorum
408 2678 533 2727 ministris
539 2679 566 2725 et
577 2673 898 2735 omnibusquibuseuuque
909 2671 1011 2734 quisuis
1022 2669 1072 2720 iliis
1080 2675 1264 2737 rempublicam

201 2749 310 2808 gerunt,
324 2745 448 2796 erendum
466 2742 701 2794 estdchristinnis.
776 2780 780 2785 .

233 2814 285 2867 tloe
296 2814 399 2867 iliorum
408 2814 519 2879 postulet
527 2812 639 2863 eonditio
653 2812 722 2873 regie
732 2807 836 2873 quidem
845 2809 953 2873 dignitus
961 2819 1018 2870 ques
1023 2807 1118 2865 disiuae
1129 2813 1265 2874 mejestatis

200 2887 240 2934 est
253 2884 340 2933 rudius
356 2886 381 2932 et
397 2883 565 2947 participatio.

232 2950 402 3003 itinisteriulis
412 2953 489 3001 etiem
501 2962 558 3011 qum
568 2950 642 3011 regin
654 2949 784 3011 poteststts
796 2947 884 2997 rudius
894 2949 932 2997 est
945 2950 970 2996 et
981 2950 1117 2998 emanatio.

231 3020 263 3079 At
284 3021 333 3071 hoe
354 3022 431 3082 exigit
449 3024 565 3071 nostrum
584 3024 610 3068 et
628 3020 707 3068 totins
729 3016 848 3067 deolesiae
870 3029 1006 3077 commune
1023 3016 1147 3069 bonum:
1168 3019 1264 3071 illorum

201 3093 295 3157 quippe
305 3090 374 3143 ssins
387 3094 425 3141 est
433 3094 519 3151 nostru
529 3086 717 3151 tranquillitas,
735 3089 772 3138 ait
784 3085 994 3148 theophylactus

236 3166 266 3215 iit
283 3166 393 3227 quietem
403 3170 427 3214 et
439 3164 605 3225 sanquinem
614 3164 723 3213 uitem...

230 3233 260 3283 ld
273 3235 328 3294 est,
340 3236 369 3283 ut
378 3230 424 3283 suh
436 3233 559 3292 regimine
571 3228 720 3295 prtnerpum
741 3226 925 3295 rempublicam
935 3227 1265 3293 Jrrstdedministrnutiun,

201 3303 282 3355 sitem
296 3314 400 3365 agamus
411 3302 526 3364 peenturu
534 3303 558 3349 et
569 3300 691 3361 quietem.

232 3371 387 3436 'temporalis
407 3373 493 3421 nostru
508 3372 534 3419 et
548 3368 668 3419 Eeeiesise
683 3381 732 3431 pex
742 3368 835 3432 pendet
851 3368 868 3418 t
887 3379 947 3431 pree
959 3379 1113 3430 regnorum
1129 3380 1265 3435 regnorum

201 3447 288 3495 sutem
300 3454 349 3505 per
360 3438 479 3505 pendete
492 3437 614 3501 regimine
624 3438 773 3502 principum
784 3456 791 3489 s
801 3436 862 3489 hine
872 3449 920 3501 pro
933 3436 983 3487 iliis
996 3440 1022 3487 et
1031 3436 1134 3489 iliorum
1142 3444 1266 3493 ministris

202 3514 288 3565 uestri
300 3514 404 3563 interest
415 3521 496 3561 orere.

203 3582 208 3591 ’
232 3582 270 3633 td
280 3594 326 3632 nos
337 3584 456 3644 pretores
463 3576 709 3629 extendunturbone
717 3582 744 3629 et
753 3580 839 3640 grette
851 3588 908 3642 qne
917 3589 963 3642 pro
971 3576 1022 3628 iilis
1031 3576 1181 3631 obtinemus
1189 3582 1205 3631 d
1214 3584 1263 3631 tiss.

232 3653 282 3702 Pax
295 3653 365 3715 regni
377 3651 451 3701 debet
460 3661 514 3703 esse
529 3660 618 3713 regum
630 3653 657 3701 et
667 3651 863 3711 magistratuum
877 3660 969 3714 seopus
976 3668 985 3711 5
994 3647 1044 3699 hoe
1057 3647 1126 3698 idem
1136 3649 1218 3701 dDeo
1229 3655 1264 3702 ds

173 3734 177 3741 ·
200 3720 291 3777 bernus
306 3720 449 3784 etiiegitnre.
1278 3739 1279 3746 κ

231 3798 262 3848 In
274 3798 343 3845 omni
354 3798 445 3857 pietate
458 3800 481 3846 et
494 3794 614 3847 castitate.

232 3863 347 3927 Explicet
361 3864 493 3927 Apostolus
506 3864 538 3915 ed
553 3864 614 3926 quid
625 3872 715 3927 pacem
726 3864 857 3925 optemus,
873 3856 926 3913 n'on
938 3860 971 3911 sd
984 3862 1183 3915 eomemetiones
1199 3871 1225 3917 et
1239 3865 1262 3914 ni

203 3934 321 3991 libidines
330 3954 338 3996 ς
348 3935 392 3983 sed
412 3934 542 3985 adsuetos
560 3938 640 3983 erutus
660 3931 761 3983 tueiiids
782 3935 808 3981 et
823 3931 980 3991 trequentius
998 3930 1181 3997 celebrandos,
1196 3942 1223 3988 et
1239 3936 1263 3987 ad

208 4016 291 4057 moros
301 4004 436 4067 houmtos,
446 4002 537 4065 probes
549 4003 575 4053 et
584 4000 689 4065 pudteos
697 4000 801 4051 liberius
812 4005 838 4051 et
850 4000 984 4064 perieetids
990 4000 1150 4056 uniendos.
