2575 4459
338 223 505 285 iniibus
521 231 745 289 biliosiiiti.
764 233 848 292 cie
866 229 891 291 i.
1111 238 1154 301 tt>-

9 316 290 387 lraoedoniam',
301 327 334 377 ut
348 324 527 383 denuntiares
548 326 640 391 iipbosi
661 342 820 392 remmeres,
840 330 867 381 et
888 323 1040 393 euibmdaru
1056 334 1148 397 muni-

18 396 252 542 guintoniam
279 414 314 454 m
340 402 419 457 ariter
439 405 526 461 doee-
548 410 619 462 neres
632 399 1040 464 comarumcomarum

9 488 29 523 i
35 488 112 527 en

75 556 139 606 4.
153 556 254 623 Neque
266 556 442 614 intenderent
450 562 526 615 labu
577 570 662 633 Neque
680 571 791 633 judaieis
809 571 901 623 ιιιιιιιιι
921 544 1095 633 intenderent,
1122 574 1148 625 et

9 628 78 680 lis
107 636 153 684 et
175 634 346 701 genealogiis
363 636 526 691 intermina·
547 640 698 703 longissimis
726 644 917 705 generationum
938 609 1147 705 carminibus,

9 708 118 758 tis·
100 714 524 781 ,quaequaestionespraestant
547 709 931 773 livi)l¹lill1¹1¹¹t¹⁰¹¹i³lllmunt
947 713 1067 774 pietatem
1085 712 1148 764 Μ

13 785 170 852 magis
201 786 287 852 quim
312 790 524 845 suificationem
546 782 818 842 promoumtquaeper
829 777 907 830 fldem
920 777 1068 832 fflstffifflf·

18 862 122 915 Dei
136 876 228 929 ,quac
237 865 320 917 esim
329 866 395 921 lide

95 944 140 995 5.
149 942 229 995 Fruu
240 947 333 997 autem
341 948 473 1013 praecepti
482 955 524 1001 est
575 946 694 1008 Praoepti
706 945 785 995 divini
801 957 892 1011 eropus
903 950 942 995 est
952 945 1061 997 chuliae
1067 960 1147 1013 ,prc-

92 1112 245 1174 Seoundd,
255 1120 285 1164 ut
296 1116 453 1167 denuntiares
465 1117 626 1179 quibasdam.

95 1182 169 1245 Syr.
181 1187 213 1233 ut
222 1186 378 1249 praeciperes.

94 1250 162 1303 lloc
174 1252 282 1303 verbnm
295 1258 472 1306 auctoritatem
485 1254 597 1305 denotat.
624 1286 626 1295 ,

97 1322 174 1373 llinc
184 1322 250 1375 benc
261 1324 369 1377 infertur
380 1326 446 1387 quud
458 1325 493 1375 illl
503 1326 619 1387 quidam,
631 1338 695 1387 quos
712 1324 845 1389 Apostolus
860 1338 912 1377 nou
931 1331 1063 1390 nominat,
1074 1331 1144 1382 cbri-

40 1392 157 1441 suani
176 1398 262 1453 crant,
280 1406 309 1443 ex
327 1393 420 1444 iudaels
433 1394 601 1457 scilicet,qui
610 1396 767 1455 judaismum
786 1394 973 1446 christianismo
989 1399 1142 1463 misccbmm

43 1474 122 1512 nec
135 1464 209 1511 enim
222 1466 347 1513 extraneis
357 1466 504 1527 preciperet
515 1466 658 1527 episeopus.

103 1529 269 1583 latinizantes
288 1544 346 1594 ergo
366 1532 497 1595 iutelligit,
514 1536 558 1595 qul
577 1533 715 1584 ildeles'ad
736 1532 816 1596 legem
832 1533 990 1585 conabantur
1005 1537 1140 1590 annuero.

104 1606 143 1657 Ne
159 1606 235 1657 aliter
250 1608 361 1658 docerent
375 1628 385 1658 .·
398 1607 503 1671 supple,
517 1608 594 1670 quim
610 1620 666 1658 nos.

104 1675 173 1737 Seu,
187 1686 221 1724 ne
233 1676 358 1726 diversam
368 1676 400 1727 ab
413 1676 548 1740 Evangelio
562 1676 705 1728 doctrinam
719 1676 788 1739 qnod
803 1678 896 1741 ubique
917 1680 1094 1743 predicamus.
1134 1684 1138 1689 '

102 1746 245 1809 Episcopus
253 1744 365 1807 laisa,et
372 1748 520 1810 inutilie,et
527 1746 559 1797 ab
569 1748 703 1809 Evangelio
713 1748 796 1797 aliena
804 1748 921 1799 docentes
931 1750 1047 1801 cohibere
1057 1752 1139 1802 debet.

102 1830 129 1879 i.
143 1829 228 1891 Neque
241 1829 393 1880 intenderent
407 1830 517 1893 fabulis,
530 1829 556 1880 ld
572 1833 622 1890 esi,
633 1828 702 1879 falsis
717 1834 743 1879 et
757 1828 875 1880 fabulosis
890 1830 1081 1896 traditionibus,
1094 1837 1140 1895 Ju-

60 1896 157 1948 dalols
172 1896 285 1959 scilieet,
295 1897 382 1960 quales
394 1898 481 1950 multe
495 1900 613 1962 leguntur
629 1900 657 1948 ln
670 1897 778 1950 'laimud
791 1902 816 1948 et
828 1899 896 1961 apud
911 1900 1046 1951 Rabbinos.

102 1976 138 2023 Et
152 1972 305 2036 genealogiis
319 1974 501 2035 interminatis,
513 1974 539 2023 id
555 1977 605 2034 esi,
617 1972 769 2035 longissimis
787 1977 812 2022 et
826 1974 898 2036 quasi
914 1973 1036 2039 inllultis,
1047 1976 1139 2040 qulbus

65 2043 235 2097 conabantur
249 2041 330 2093 iudael
345 2054 423 2104 genus
439 2058 515 2094 suum
530 2044 561 2093 ab
577 2042 704 2093 Abrabam
720 2041 854 2093 deducere.

105 2115 221 2177 illucque
237 2112 425 2175 gloriabantur,
443 2117 500 2164 tum
517 2113 549 2163 ob
564 2114 662 2174 generis
684 2113 725 2161 sul
740 2114 872 2174 antiquum
892 2112 1066 2175 nobilitatem,
1082 2119 1139 2167 tum

69 2183 106 2234 ob
129 2184 197 2233 bauo
216 2186 271 2233 tam
290 2184 451 2245 annonarum
470 2184 661 2245 generationum
678 2181 828 2242 seleutiam,
845 2183 874 2230 ul
891 2181 1008 2233 notati).
1029 2183 1138 2248 chryso·

71 2258 182 2305 stomun.

105 2324 170 2374 Ante
179 2322 308 2373 Christum
317 2318 367 2370 ilie
380 2319 529 2381 genealogia
542 2319 616 2370 utiles
625 2322 713 2381 erant,
722 2323 753 2369 ut
762 2317 842 2369 tadei
855 2332 929 2370 suam
939 2323 1032 2372 seirent
1042 2324 1137 2375 tribum

71 2398 98 2444 et
109 2398 184 2443 terre
196 2392 339 2457 portionem
357 2402 409 2439 sue
422 2390 500 2439 tribui
516 2392 685 2453 assignatum
696 2393 722 2439 et
733 2388 859 2451 maximi
873 2391 903 2439 ut
915 2395 1042 2441 constaret
1052 2392 1137 2444 Chris-

71 2470 130 2515 tum
141 2468 231 2513 natum
245 2473 299 2513 esse
310 2474 340 2511 ex
355 2460 422 2511 tribu
434 2460 512 2521 iuda,
522 2463 593 2521 juxta
604 2459 690 2511 Jacobi
701 2460 877 2524 prophetiam,
892 2460 982 2512 Genea.
997 2464 1036 2514 49.
1052 2468 1098 2526 id,
1109 2469 1137 2515 at

72 2546 161 2585 everso
169 2532 296 2595 judaismo
306 2568 313 2591 ,
325 2526 473 2593 (inclitoque
484 2533 560 2592 nato,
572 2533 632 2581 sunt
647 2528 758 2579 inutiles.

107 2612 168 2669 once
185 2606 331 2671 nudationes
345 2608 464 2668 pruriunt
478 2605 562 2667 napis
578 2603 655 2668 pedm
671 2604 890 2667 edificationem..

102 2679 133 2729 ln
145 2676 260 2729 terendis
273 2676 342 2725 enlm
358 2674 510 2738 longissimis
523 2673 574 2727 illis
584 2674 735 2737 genealogiis
751 2674 857 2725 inlinitur
871 2674 1029 2728 difficultates
1047 2690 1136 2730 occur-

72 2751 149 2809 runt,
161 2758 218 2810 qum
231 2742 405 2797 altercationes
418 2744 522 2809 parlurd
537 2746 563 2794 et
575 2744 631 2794 lites
644 2762 652 2793 ι
664 2745 784 2807 pietatem
795 2743 855 2794 verb
873 2744 901 2794 lu
912 2744 993 2795 baum
1005 2758 1058 2795 nou
1074 2759 1134 2810 pro·

73 2820 178 2867 movent
189 2836 196 2865 ι
209 2826 265 2877 quae
284 2816 377 2878 pietas,
392 2826 445 2863 non
464 2824 509 2877 per
528 2813 664 2865 bominum
681 2812 877 2877 disputationes,
894 2812 938 2863 ced
954 2826 1001 2877 per
1012 2813 1088 2866 iidem
1106 2818 1134 2867 iu

72 2886 167 2945 Deum,
185 2884 263 2935 solide
279 2883 427 2933 edificatur.

101 2954 188 3004 ilidem
207 2953 317 3015 intellige
330 2957 475 3017 operantem
488 2966 533 3016 per
546 2952 711 3014 charitatem,
721 2964 767 3003 seu
779 2950 902 3001 enaritate
914 2952 1042 3002 vestitam.

103 3028 171 3079 Talis
183 3028 245 3078 tides
257 3032 294 3077 est
303 3029 416 3089 brevior,
427 3030 539 3078 securior
549 3032 574 3079 et
586 3027 726 3091 simplicior
738 3027 771 3076 nd
782 3027 966 3087 pietatemriu5
974 3038 1033 3077 vcra
1041 3028 1133 3093 quippe

72 3102 152 3165 pletas
164 3100 192 3147 iu
207 3097 250 3148 Dei
262 3100 367 3149 veritate
377 3098 515 3158 landatur,
529 3112 581 3147 uon
595 3100 622 3146 iu
633 3098 767 3148 homiuum
782 3096 902 3145 uanitate.
981 3105 984 3112 ’

101 3169 132 3220 ii
142 3168 352 3251 chrysostomus,
366 3172 391 3219 et
406 3168 448 3219 alii
466 3172 522 3231 post
541 3170 643 3230 ipsum,
660 3165 746 3228 legunt
760 3160 819 3210 οἰκον
809 3167 910 3227 enim,
921 3163 1133 3228 dispensationem

74 3237 459 3300 liei,suneer‚euoasa1utem
473 3241 594 3287 nostram.

102 3276 151 3359 Sed
163 3308 241 3371 syrus
253 3319 311 3359 eum
322 3308 457 3371 interprete
467 3310 552 3357 nostro
561 3306 620 3369 legit
630 3302 771 3366 ιιιοὼμιιιι,
783 3302 993 3357 udiflmdonemz
986 3309 1032 3357 ·et
1041 3306 1128 3361 meum
1208 3312 1212 3319 ’

73 3382 111 3429 cst
121 3376 165 3427 illu
175 3378 258 3427 lectio.

103 3448 267 3499 Verissimum
276 3448 316 3495 'est
326 3448 411 3495 tamen
424 3442 491 3507 quod
502 3444 587 3494 divina
599 3445 667 3493 cirea
676 3442 784 3493 salumin
797 3444 909 3491 nostram
920 3442 1071 3505 dispensatio
1081 3444 1129 3497 auc

74 3516 164 3567 mebris
187 3516 326 3578 percipitur
346 3514 422 3575 quim
444 3512 692 3573 ratiocinationibus,
711 3510 784 3563 cim·
795 3509 923 3573 religionis
941 3514 1061 3574 mysteria
1079 3516 1129 3570 siut

74 3586 186 3637 humano
196 3584 282 3635 sensui
297 3581 569 3645 incomprehensibilis.

105 3670 127 3719 5.
144 3667 214 3717 llinis
231 3670 315 3715 aciem
330 3665 447 3727 prreeepti
461 3669 496 3712 est
509 3663 628 3711 eduntur.

103 3736 215 3789 Ostendit
230 3735 306 3797 supri
326 3734 387 3796 quid
402 3746 454 3783 uon
472 3731 629 3795 docendum,
641 3732 737 3783 scilicet
753 3730 830 3828 ialam
850 3729 976 3794 bbuloett,
984 3684 1130 3789 munuae

77 3820 127 3871 qua
140 3806 320 3868 disputationes
331 3803 444 3865 pariunt.

103 3876 246 3927 llicautem
257 3870 485 3935 sullimannum,
500 3869 611 3933 remeet,
624 3820 779 3935 quonism,
789 3868 869 3920 bonos
882 3872 1128 3935 mores,pruitatm1

78 3945 154 3999 ιιιιιιι
169 3944 195 3997 ct
213 3942 360 3999 uuinton
373 3942 484 4005 parium
