2575 4459
195 370 234 425 ik
341 368 500 425 SECUNDAE
518 370 694 427 EPISTOLAE
711 368 757 438 Ab
775 367 1110 425 unussnmmcmtsss
1148 405 1151 412 ·

202 580 1259 626 munuuuuoonmmnmeemmummm

337 806 596 895 nnanrsrs
624 804 834 893 currus
862 742 1112 895 sucunbr.

648 1038 800 1059 Q

197 1150 257 1253 Ur
266 1196 410 1253 medeatur
422 1196 710 1254 [thessalonicensium
726 1200 844 1268 terrori,
862 1200 935 1256 maie
947 1204 1083 1269 concepto
1098 1198 1196 1256 dedic
1210 1198 1259 1267 iu·

196 1282 263 1337 dicii
273 1282 405 1351 extremi,
418 1280 499 1350 quasi
507 1280 622 1351 joariam
631 1284 766 1350 instante,

672 1423 766 1465 ΜΟ.

231 1513 321 1582 Rogat
331 1526 381 1569 eos
391 1526 442 1583 per
452 1512 528 1569 buno
546 1513 639 1581 ipsum
653 1513 763 1567 Domini
779 1512 869 1569 nostri
886 1515 952 1570 iesu
969 1510 1086 1578 Christi,
1099 1524 1152 1566 seu
1167 1512 1257 1566 Salva·

197 1597 279 1662 toris,
298 1603 326 1649 et
340 1597 405 1651 idco
420 1596 633 1651 desiderabilem
649 1598 815 1666 adventum,
828 1612 866 1653 ne
883 1598 922 1653 ob
932 1610 998 1654 eum
1012 1602 1194 1667 moveantur,
1207 1610 1257 1650 nee

165 1737 169 1744 ,
197 1678 312 1737 credant
326 1679 404 1748 quod
416 1681 513 1749 instet,
524 1680 552 1751 i.
562 1684 590 1748 1,
602 1684 631 1737 2.

666 1805 792 1846 museo·

230 1899 345 1954 batillis
357 1899 413 1955 duo
429 1900 580 1968 signaque
592 1899 668 1954 buno
679 1899 789 1953 Domini
801 1862 951 1953 adventum
962 1898 1122 1968 praecedere
1132 1899 1254 1969 debent,
1277 1909 1278 1978 1

196 1982 298 2050 qtribus
314 1987 519 2053 consequenter
534 1982 609 2037 illius'
623 1984 858 2053 propinquitatem
873 1989 1036 2052 agnoscant.
1277 2035 1279 2038 .

227 2067 350 2121 Primum
358 2074 401 2123 est
411 2068 549 2136 apostasia
560 2068 705 2135 generalis.
770 2125 774 2131 ,
822 2139 827 2151 Ι
1277 2053 1279 2205 ¹

231 2150 390 2207 Secundum
405 2151 606 2218 Antichristus,
620 2150 648 2219 i.
661 2155 688 2206 5.

677 2273 782 2316 marro.

232 2369 392 2425 antichristi
408 2370 539 2426 describit
550 2368 733 2439 impietatem,
742 2369 885 2425 tastumet
895 2368 925 2424 in
934 2370 1022 2424 beum
1033 2366 1126 2438 ipsum
1140 2374 1254 2429 sacrsse·

197 2466 260 2522 gam
272 2452 471 2524 stationemi.
482 2459 510 2509 1.
901 2511 907 2527 ,
1276 2511 1278 2534 i

230 2535 292 2617 biri
310 2537 391 2592 vobis
415 2538 483 2607 quid
502 2538 575 2593 illius
598 2537 754 2607 impiissimi
781 2537 922 2607 publicum
945 2538 1067 2595 retardet
1087 2540 1252 2609 adventum,
1276 2541 1278 2694 ¹

197 2618 310 2759 hm)
319 2704 396 2774 qudd
404 2706 505 2761 arcane
512 2702 570 2774 jam
578 2705 607 2759 ia
621 2706 680 2760 suis
687 2693 783 2773 figuris
792 2705 864 2775 agit,
874 2707 965 2763 donec
978 2708 1126 2775 cessaverit
1136 2710 1166 2761 in
1178 2708 1253 2776 quod

196 2782 269 2885 tillus
285 2789 407 2843 retardat
422 2789 585 2865 adventum,
596 2790 624 2859 i.
635 2792 663 2844 7.
672 2796 700 2844 et
708 2795 775 2845 tuno
787 2791 879 2857 palam
892 2792 1038 2859 apparebit
1045 2791 1091 2846 ille
1100 2794 1253 2848 sceleratis·

196 2872 491 3025 fllzlujsus'posstentiam,
504 2954 659 3027 praestigias
670 2962 699 3013 et
709 2955 868 3023 mendacia,
885 2955 1013 3027 prodigia
1025 2958 1169 3026 describit,
1184 2961 1214 3030 i.
1228 2962 1251 3025 9,

196 3033 299 3109 qubus
311 3041 426 3097 credent
444 3041 494 3111 qui
508 3042 629 3109 Christo,
645 3042 768 3110 veritati,
786 3042 901 3097 credere
915 3043 1080 3110 noluerunt,
1099 3043 1128 3113 i.
1140 3046 1193 3112 1ο,
1209 3049 1251 3099 ti.
1275 3061 1277 3182 ¹

665 3166 778 3219 elimo.

228 3256 439 3334 congratulatur
459 3258 765 3329 Thessalonicensibus,
780 3268 809 3319 et
826 3277 877 3331 pro
897 3262 966 3332 ipsis
984 3264 1042 3319 beo
1057 3262 1160 3334 gratias
1182 3266 1250 3334 agit,

194 3348 272 3418 quod
286 3361 344 3402 non
362 3344 419 3401 sint
429 3362 463 3402 ex
477 3346 532 3403 hoo
550 3358 668 3402 numero
674 3364 683 3415 3
702 3346 828 3416 quinimb
847 3348 978 3416 primitiae
995 3354 1061 3403 sunt
1075 3348 1214 3417 fidelium,
1229 3353 1251 3403 et

194 3434 259 3487 ideo
271 3426 482 3499 salvandorum,
500 3430 528 3502 i.
541 3432 586 3499 ts,
596 3431 646 3485 te.

669 3552 775 3603 Quinto.

228 3654 359 3716 Hortatur
375 3665 424 3709 eos
442 3658 474 3709 ut
489 3653 519 3707 in
534 3652 589 3708 tide
603 3656 763 3711 constanter
777 3655 969 3718 perseverent,
985 3656 1013 3706 et
1024 3651 1188 3709 traditiones
1205 3654 1250 3709 tir-

193 3734 276 3790 miter
290 3742 419 3803 teneant,
438 3736 465 3805 i.
478 3739 523 3790 ta.

229 3819 353 3873 Tandem
366 3819 481 3888 gratiam
497 3819 540 3873 eis
551 3822 731 3886 apprecatur,
749 3814 806 3884 qua
820 3814 850 3871 in
864 3815 991 3873 doctrina
1001 3818 1043 3874 eis
1052 3817 1155 3875 tradita
1170 3820 1250 3877 stabi·

193 3898 311 3967 liantur,
329 3908 357 3956 et
368 3904 396 3955 in
410 3901 493 3956 bonis
507 3900 652 3969 operibus,
666 3900 694 3971 i.
707 3902 809 3962 15.16.
