2575 4459
209 274 213 280 ’
318 268 900 335 rursusxsreosrrromunrt.
964 259 970 270 '
1091 275 1130 336 st

90 363 123 420 0.
141 365 246 426 lh'delis
257 382 369 436 sermo,
383 375 411 424 et
432 370 508 424 omni
561 371 612 423 lloo
630 372 744 434 quotide
764 375 857 436 pietate
875 372 947 436 ilico,
962 372 1131 426 mmm

52 447 227 512 acceptione
238 447 349 516 dignus.
531 443 584 500 est,
598 443 623 490 et
638 441 687 492 lide
697 442 884 504 dignissimum.

91 524 508 580 10.1nhooenlmlahoramus
562 523 1131 587 Curenimuos,iihristluni,huiusrltels-

53 606 84 656 et
104 603 393 672 maledicimu,‚,1uia
413 617 508 671 spem.
531 593 603 643 hores
633 593 741 644 libenter
762 596 917 644 sustinemus
940 598 965 644 ei
993 593 1131 648 hominum

6 719 11 730 .
51 693 124 734 rnus
142 679 272 736 inlisum
285 682 395 748 rivum,
406 681 455 750 qui
466 687 509 735 est
531 662 622 727 P¹⁰b¹⁸
632 675 694 714 ⁰⁰¹³
708 663 918 726 mmmmm
928 663 995 724 ἘΜ
1004 665 1065 726 lul·
1073 676 1132 729 ΨΟ·

85 867 261 934 centuplum,
280 869 391 934 intellige
406 869 532 922 honorum
550 867 746 934 temporalium,
760 869 783 920 si
801 863 958 920 armaten
968 866 1130 934 contumel,

51 937 95 988 rel
108 937 179 990 hona
191 941 216 990 et
228 941 318 1002 gaudia
332 939 486 1005 spiritualia,
495 952 551 1003 que
559 939 707 1004 temporalia
718 936 792 1000 longe
802 941 930 1000 superent.

86 1006 203 1068 Quidam
221 1009 288 1060 hunc
302 1011 507 1060 exercitationem
518 1008 674 1072 corporalem
692 1008 819 1070 explicant
833 1007 865 1057 de
884 1009 997 1070 ieiunio,
1008 1003 1053 1059 setl
1069 1017 1131 1070 pro·

53 1073 127 1126 leeth
143 1080 253 1126 errante
270 1079 436 1139 nequeenim
455 1077 592 1141 corporalis
612 1078 651 1126 est
663 1078 823 1135 exercitatio,
836 1077 978 1138 ieiunium,
995 1075 1040 1127 sed
1056 1077 1131 1140 spiri-

54 1144 151 1203 tualis,
168 1147 206 1196 ait
214 1145 244 1196 li.
255 1146 458 1210 chrysostomus,
470 1149 562 1210 etpost
574 1148 658 1210 ipsum
670 1144 840 1195 Theodoretus
849 1148 875 1194 et
887 1144 1098 1208 'theophylactus

86 1213 162 1264 Adde
171 1215 240 1278 quod
252 1215 284 1266 (le
294 1217 391 1277 ieiunio
407 1215 473 1268 nihil
485 1217 628 1279 precessit,
639 1216 665 1265 et
675 1212 744 1277 quoi
751 1213 850 1276 ieiunio
861 1213 927 1264 sieut
938 1219 963 1262 et
973 1214 1061 1276 pietati
1069 1223 1129 1278 pro-

52 1285 138 1334 missa
154 1287 190 1335 sit
201 1287 253 1336 rita
266 1289 370 1336 eterna.
381 1285 469 1336 llatth.
482 1289 508 1336 c.
518 1289 556 1336 ts.

87 1353 117 1402 Si
126 1355 186 1415 quis
201 1357 360 1404 tamencum
378 1354 438 1404 diro
452 1353 549 1404 Thomu
562 1355 607 1416 qui
620 1353 714 1404 falsum
724 1355 827 1403 secutus
844 1355 883 1402 est
898 1349 1073 1411 Ambrosium,
1083 1356 1130 1414 pet

54 1423 267 1474 exercitationem
281 1419 437 1486 corporalem
449 1421 573 1484 nolint
583 1423 711 1483 ieiunium
726 1425 752 1471 et
760 1419 870 1483 penalis
878 1421 991 1481 eorporis
1001 1420 1128 1480 ermeitle,

54 1490 101 1540 hio
116 1491 203 1542 elicere
216 1491 289 1542 dehet
303 1491 371 1554 quii
381 1504 411 1542 ea
422 1491 496 1542 ‹iirus
505 1491 598 1542 Paulus
606 1504 658 1541 non
671 1493 784 1552 reliciat,
795 1490 839 1541 sed
850 1491 950 1540 minore
963 1491 1055 1554 pietate
1062 1488 1129 1540 hom

54 1559 152 1622 ducet,
165 1562 259 1625 quippe
271 1571 326 1624 qum
336 1559 402 1610 bona
416 1563 476 1612 sunt
488 1563 514 1610 et
522 1558 663 1621 utilia‚se‹l
672 1562 700 1610 in
710 1571 757 1610 suo
768 1558 857 1622 gradu.

88 1652 117 1698 a.
126 1647 224 1698 Fidelis
238 1661 319 1700 rernm
320 1682 369 1701 .....
379 1648 551 1700 oertimmum
563 1649 602 1698 est
615 1646 642 1698 iti
653 1644 722 1710 quod
732 1643 764 1698 tle
775 1647 868 1710 pietate
878 1647 905 1698 et
917 1645 948 1699 tie
962 1644 1130 1712 promissione

56 1716 152 1780 pietati
167 1715 212 1766 hio
225 1721 250 1768 et
260 1718 289 1767 in
301 1716 387 1768 iuturo
398 1716 465 1768 iacta
478 1717 539 1768 diri.

89 1784 155 1834 lhde
169 1783 237 1834 dicta
248 1797 304 1848 cap.
322 1789 345 1846 i,
357 1797 387 1836 n.
401 1785 426 1836 t.
438 1788 527 1849 eteap.
539 1787 609 1846 Μ.
621 1787 646 1838 i.

87 1853 145 1904 lloo
160 1851 190 1903 ii.
202 1853 295 1905 Paulus
305 1851 391 1915 addit,
402 1856 469 1906 sieut
482 1853 512 1904 li.
522 1853 595 1905 loen.
608 1854 686 1918 ipos.
696 1854 740 1906 25.
753 1851 797 1904 uhi
808 1851 871 1904 (lixit
881 1890 888 1915 ,
899 1851 1039 1918 ”molunt
1050 1851 1078 1904 tn
1087 1865 1127 1904 re·
1194 1873 1200 1883 ·

55 1923 120 1974 culo
131 1922 293 1982 semiorum,
302 1923 389 1974 statim
397 1923 483 1984 addit,
497 1923 648 1988 [thionne
664 1929 687 1974 et
697 1936 758 1974 sero
768 1930 827 1974 sunt
839 1923 891 1974 hoe
900 1923 987 1973 serbo.

86 1991 122 2042 Et
135 1991 229 2042 merito
243 1989 318 2053 saue,
331 1991 410 2054 huius
422 1994 492 2043 enlm
512 1995 627 2044 veritatis
642 1991 754 2052 oblivio,
771 1996 817 2042 aut
835 1991 958 2042 molliam
978 1993 1007 2041 et
1024 1985 1127 2042 inhtmt

53 2059 135 2123 tides,
147 2063 187 2111 est
201 2063 318 2112 omnium
336 2060 389 2112 lere
406 2059 551 2112 defectuum
571 2073 665 2122 causan
685 2063 751 2110 siem
766 2059 901 2120 econtra,
919 2059 998 2120 huius
1014 2060 1128 2111 veriatis

54 2129 135 2181 firma
145 2129 211 2181 tides
226 2133 251 2181 et
266 2133 335 2182 certa
345 2131 475 2194 persuasio
488 2135 529 2184 est
544 2129 662 2182 omnium
673 2130 798 2181 virtutum
812 2131 839 2180 et
851 2129 990 2195 presertim
1000 2128 1129 2192 patientie

55 2213 152 2264 causa,
166 2203 195 2252 ut
206 2203 275 2266 patet
285 2199 497 2264 exsequentibus.

91 2293 131 2342 io.
139 2291 172 2340 lo
183 2288 229 2341 hoe
243 2289 309 2341 enim
320 2287 479 2341 laboramus.

88 2359 144 2412 cur
164 2359 234 2411 enim
252 2371 300 2410 nos
317 2357 429 2426 Apostoli
445 2363 472 2410 et
489 2367 579 2412 omnes
594 2355 732 2410 Christiani
742 2358 769 2407 et
780 2355 879 2420 rrimus
895 2357 921 2406 et
937 2356 1070 2420 petimuri
1080 2367 1128 2406 em

55 2429 138 2491 huius
150 2431 211 2480 rite
220 2429 317 2482 lahores
328 2432 355 2480 et
363 2439 490 2481 erumnas
500 2433 554 2480 tsrn
565 2427 673 2479 hbenter
683 2427 838 2477 sustinemus
845 2427 858 2475 t
866 2437 913 2476 eur
922 2423 1032 2478 eliorum
1043 2423 1128 2477 homi·

56 2499 126 2550 num
135 2497 230 2562 prohra
244 2503 270 2550 et
284 2497 472 2562 penetotiones
484 2510 546 2550 oum
558 2501 630 2550 tento
645 2494 874 2560 mudloputlmurt

92 2575 166 2634 Quis
175 2574 561 2638 rpeommtolieomor'oom...
1118 2570 1123 2579 '

86 2643 181 2695 Nonne
189 2646 249 2706 quie
260 2655 391 2708 speremus
401 2646 430 2695 in
441 2643 539 2704 mum,
550 2643 610 2694 vite
620 2641 734 2703 motem,
746 2644 775 2694 st
783 2639 1127 2705 mmeqrmterhntnpre-

56 2715 141 2766 senus
152 2715 179 2762 et
188 2716 289 2764 eterne
300 2715 359 2765 rite
366 2712 527 2776 malorem,
537 2711 554 2762 t
566 2713 762 2775 querulasque
773 2712 832 2764 sita
844 2711 1073 2775 homspersnes?
1107 2729 1111 2734 ’

87 2803 169 2854 Note
185 2809 341 2853 timeamus
356 2811 389 2852 rr
407 2799 639 2852 noenta-lima
660 2799 743 2864 primo
755 2836 762 2862 ,
775 2802 805 2852 or
823 2800 904 2850 Deum
917 2801 1020 2860 mmm,
1031 2801 1056 2850 et
1068 2797 1127 2848 irleo

55 2869 190 2922 ridentem
199 2907 206 2932 ,
215 2882 262 2921 nos
278 2874 304 2920 et
314 2871 400 2921 omnia
418 2873 506 2921 nostra
517 2871 677 2932 intuentem,
689 2869 846 2930 metimus
857 2871 1027 2934 paratumst
1040 2867 1086 2918 uhi
1100 2871 1128 2919 et

56 2939 189 3005 quomodo
206 2939 304 3003 expedit
314 2940 489 3002 adjuvantem.

87 3012 156 3061 Nota
168 3009 297 3071 seeundo,
312 3009 340 3059 to
349 3010 432 3063 Deum
444 3009 551 3069 stoan,
561 3007 589 3060 id
605 3012 661 3070 est,
671 3009 795 3059 eternum
808 3009 835 3058 et
854 3002 1025 3059 immortalem
1041 3020 1049 3053 r
1068 2997 1127 3054 liet

57 3087 162 3144 semper
177 3081 391 3132 remunerantem.
936 3141 939 3146 Ι

88 3147 148 3212 Ille,
157 3161 223 3215 sepe
239 3159 346 3200 numero
357 3147 501 3214 militesqul
511 3159 558 3214 pro
569 3149 721 3212 imperatore
731 3143 960 3210 perieulusuhitre,
969 3142 1126 3198 illointerlm

58 3221 199 3282 minoem,
219 3220 362 3272 mercedem
381 3221 526 3270 amittuntr
548 3223 634 3270 noster
654 3222 741 3268 autem
758 3216 811 3268 ilex
829 3227 928 3280 semper
945 3216 1023 3280 virttr
1041 3217 1128 3280 iteum

59 3301 163 3355 temper
172 3290 232 3351 dat,
245 3301 344 3356 semper
354 3294 510 3342 remuneret.
523 3289 553 3340 ll.
562 3289 773 3352 chrysostomus,
790 3283 929 3350 'iheophyl

89 3363 154 3414 llaee
161 3363 255 3412 ueritus
265 3361 297 3412 etl
309 3363 460 3426 pruenusm
471 3363 567 3412 mirum
577 3362 605 3410 in
616 3359 722 3410 modum
732 3359 834 3409 multet.

89 3431 160 3482 heus
174 3430 251 3493 risit,
262 3441 304 3482 me
314 3431 445 3492 ririet‚me
460 3432 592 3494 penetrat,
605 3429 632 3477 in
644 3430 700 3488 ejus
710 3425 792 3476 oeulis
804 3427 830 3475 et
841 3421 917 3474 eorde
926 3433 984 3474 sum
994 3425 1020 3476 et
1033 3421 1126 3488 patior.

89 3500 159 3564 Quia
169 3502 265 3562 timeo,
276 3501 304 3550 in
312 3498 397 3550 'mulis
409 3499 588 3561 omnipotentis
599 3495 643 3545 liei
652 3495 743 3558 patim

89 3571 160 3622 Deus
173 3581 271 3632 semper
285 3568 363 3629 vivit,
375 3567 501 3619 ritetons
512 3569 559 3616 est.
594 3615 597 3619 ,
768 3590 771 3596 ·

89 3639 159 3702 Quiri
167 3640 256 3688 amltto
266 3639 309 3699 ,in
322 3639 377 3698 elus
387 3632 463 3688 corde
473 3635 603 3695 moriens,
614 3635 659 3696 qui
670 3635 722 3683 rita
731 3634 770 3683 est
779 3633 807 3683 et
817 3632 877 3683 tite
889 3628 946 3681 lons
953 3648 961 3693 i
969 3633 995 3682 et
1004 3631 1049 3694 qni
1060 3628 1127 3682 mihi

59 3711 143 3761 sitam
155 3703 289 3758 moralem
300 3706 376 3769 eripit
386 3707 416 3754 ut
428 3706 509 3755 ritem
522 3701 600 3752 donet
613 3703 757 3752 eternam?

53 3797 55 3804 v
91 3778 131 3828 hh
146 3789 177 3826 eo
191 3774 302 3834 vita,sh
317 3773 445 3824 eoomnie
463 3769 616 3836 temporalis
633 3765 1127 3840 uom31peoeut,rpseariert,tprs

60 3847 179 3900 restituet
189 3845 214 3893 in
227 3847 360 3894 atomum.
649 3898 653 3904 ,

50 3940 58 3963 ι
95 3920 146 3982 out
157 3922 193 3970 ert
204 3917 325 3970 sooner
334 3915 561 3980 committet,
573 3914 687 3968 mum
698 3910 801 3976 sudem
813 3909 1126 3966 methonae.

92 3984 142 4042 i’ro
152 3986 206 4040 hee
218 3988 271 4039 rita
283 3985 458 4040 eonssrrsnts
473 3981 524 4038 iliis
533 3985 675 4040 nsomru
683 3979 835 4048 suppeditet
944 4038 951 4056 ι
970 4056 988 4108 ⁸
