<?xml version="1.0" encoding="UTF-8"?>
<!DOCTYPE html PUBLIC "-//W3C//DTD XHTML 1.0 Transitional//EN"
    "http://www.w3.org/TR/xhtml1/DTD/xhtml1-transitional.dtd">
<html xmlns="http://www.w3.org/1999/xhtml" xml:lang="en" lang="en">
 <head>
  <title>
</title>
<meta http-equiv="Content-Type" content="text/html;charset=utf-8" />
  <meta name='ocr-system' content='tesseract 3.04.00' />
  <meta name='ocr-capabilities' content='ocr_page ocr_carea ocr_par ocr_line ocrx_word'/>
</head>
<body>
  <div class='ocr_page' id='page_1' title='image "./epistolarumbpau04berngoog_0094.png"; bbox 0 0 2575 4459; ppageno 0'>
   <div class='ocr_carea' id='block_1_1' title="bbox 253 303 1088 381">
    <p class='ocr_par' dir='ltr' id='par_1_1' title="bbox 253 303 1088 381">
     <span class='ocr_line' id='line_1_1' title="bbox 253 303 1088 381; baseline 0.01 -8"><span class='ocrx_word' id='word_1_1' title='bbox 253 312 842 381; x_wconf 76' lang='lat' dir='ltr'><strong>rnrrnnxmmusrrro.tanin.</strong></span> <span class='ocrx_word' id='word_1_2' title='bbox 1050 303 1088 381; x_wconf 75' lang='lat' dir='ltr'><strong>se</strong></span> 
     </span>
    </p>
   </div>
   <div class='ocr_carea' id='block_1_2' title="bbox 19 408 1086 561">
    <p class='ocr_par' dir='ltr' id='par_1_2' title="bbox 19 408 1086 561">
     <span class='ocr_line' id='line_1_2' title="bbox 30 408 1086 485; baseline 0.008 -22"><span class='ocrx_word' id='word_1_3' title='bbox 30 412 86 467; x_wconf 83' lang='lat' dir='ltr'><strong>ta.</strong></span> <span class='ocrx_word' id='word_1_4' title='bbox 112 408 251 469; x_wconf 74' lang='lat' dir='ltr'><strong>Mulieres</strong></span> <span class='ocrx_word' id='word_1_5' title='bbox 273 417 398 473; x_wconf 88' lang='lat' dir='ltr'><strong>similiter</strong></span> <span class='ocrx_word' id='word_1_6' title='bbox 412 432 466 485; x_wconf 61' lang='lat' dir='ltr'><strong>pu*</strong></span> <span class='ocrx_word' id='word_1_7' title='bbox 517 420 558 471; x_wconf 82' lang='lat' dir='ltr'><strong>Sio</strong></span> <span class='ocrx_word' id='word_1_8' title='bbox 570 423 647 471; x_wconf 85' lang='lat' dir='ltr'><strong>otiam</strong></span> <span class='ocrx_word' id='word_1_9' title='bbox 657 426 755 485; x_wconf 83' lang='lat' dir='ltr'><strong>oportet</strong></span> <span class='ocrx_word' id='word_1_10' title='bbox 766 418 1020 471; x_wconf 87' lang='lat' dir='ltr'><strong>utmuilsreseornm</strong></span> <span class='ocrx_word' id='word_1_11' title='bbox 1030 434 1086 479; x_wconf 82' lang='lat' dir='ltr'><strong>eas·</strong></span> 
     </span>
     <span class='ocr_line' id='line_1_3' title="bbox 19 489 1083 561; baseline 0.002 -24"><span class='ocrx_word' id='word_1_12' title='bbox 19 492 100 555; x_wconf 82' lang='lat' dir='ltr'><strong>icas,</strong></span> <span class='ocrx_word' id='word_1_13' title='bbox 114 506 181 545; x_wconf 79' lang='lat' dir='ltr'><strong>non</strong></span> <span class='ocrx_word' id='word_1_14' title='bbox 200 490 396 561; x_wconf 65' lang='lat' dir='ltr'>detrahentes,</span> <span class='ocrx_word' id='word_1_15' title='bbox 416 511 464 551; x_wconf 64' lang='lat'><strong>30.</strong></span> <span class='ocrx_word' id='word_1_16' title='bbox 486 490 518 537; x_wconf 82' lang='lat' dir='ltr'><strong>te</strong></span> <span class='ocrx_word' id='word_1_17' title='bbox 540 491 594 539; x_wconf 89' lang='lat' dir='ltr'><strong>sint</strong></span> <span class='ocrx_word' id='word_1_18' title='bbox 615 493 640 539; x_wconf 87' lang='lat' dir='ltr'><strong>et</strong></span> <span class='ocrx_word' id='word_1_19' title='bbox 662 502 768 551; x_wconf 72' lang='grc' dir='ltr'>ςιιιιεε,</span> <span class='ocrx_word' id='word_1_20' title='bbox 788 502 841 539; x_wconf 90' lang='lat' dir='ltr'><strong>nun</strong></span> <span class='ocrx_word' id='word_1_21' title='bbox 863 489 1083 551; x_wconf 61' lang='lat' dir='ltr'><strong>calumniatricem</strong></span> 
     </span>
    </p>
   </div>
   <div class='ocr_carea' id='block_1_3' title="bbox 19 556 858 633">
    <p class='ocr_par' dir='ltr' id='par_1_3' title="bbox 19 556 858 633">
     <span class='ocr_line' id='line_1_4' title="bbox 19 556 858 633; baseline 0.011 -14"><span class='ocrx_word' id='word_1_22' title='bbox 19 570 102 633; x_wconf 78' lang='grc' dir='ltr'>ιῐιιε,</span> <span class='ocrx_word' id='word_1_23' title='bbox 120 570 223 624; x_wconf 86' lang='lat' dir='ltr'><strong>fideles</strong></span> <span class='ocrx_word' id='word_1_24' title='bbox 235 572 265 625; x_wconf 90' lang='lat' dir='ltr'><strong>in</strong></span> <span class='ocrx_word' id='word_1_25' title='bbox 276 574 416 629; x_wconf 88' lang='lat' dir='ltr'><strong>omnibus.</strong></span> <span class='ocrx_word' id='word_1_26' title='bbox 486 556 592 618; x_wconf 62' lang='lat' dir='ltr'><strong>³⁰h¹iffir</strong></span> <span class='ocrx_word' id='word_1_27' title='bbox 604 569 649 619; x_wconf 69' lang='lat' dir='ltr'><em>W</em></span> <span class='ocrx_word' id='word_1_28' title='bbox 662 560 748 607; x_wconf 58' lang='grc' dir='ltr'><strong>ΟΜ</strong></span> <span class='ocrx_word' id='word_1_29' title='bbox 763 556 858 607; x_wconf 60' lang='lat' dir='ltr'><strong>fl‘ffloe·</strong></span> 
     </span>
    </p>
   </div>
   <div class='ocr_carea' id='block_1_4' title="bbox 19 646 1086 790">
    <p class='ocr_par' dir='ltr' id='par_1_4' title="bbox 19 646 1086 790">
     <span class='ocr_line' id='line_1_5' title="bbox 33 646 1086 711; baseline 0.011 -12"><span class='ocrx_word' id='word_1_30' title='bbox 33 652 87 700; x_wconf 72' lang='lat'><strong>12.</strong></span> <span class='ocrx_word' id='word_1_31' title='bbox 104 648 466 709; x_wconf 82' lang='lat' dir='ltr'><strong>Diaconisintuniusu&#39;xu-</strong></span> <span class='ocrx_word' id='word_1_32' title='bbox 516 646 620 697; x_wconf 66' lang='lat' dir='ltr'><strong>ffiflfflssi</strong></span> <span class='ocrx_word' id='word_1_33' title='bbox 642 649 694 697; x_wconf 88' lang='lat' dir='ltr'><strong>sint</strong></span> <span class='ocrx_word' id='word_1_34' title='bbox 718 651 862 711; x_wconf 79' lang='lat' dir='ltr'><strong>monogami</strong></span> <span class='ocrx_word' id='word_1_35' title='bbox 881 649 925 711; x_wconf 72' lang='lat' dir='ltr'><strong>(iul</strong></span> <span class='ocrx_word' id='word_1_36' title='bbox 942 646 1008 699; x_wconf 66' lang='lat' dir='ltr'><strong>ffllffi</strong></span> <span class='ocrx_word' id='word_1_37' title='bbox 1025 662 1086 701; x_wconf 65' lang='grc' dir='ltr'><strong>ΜΝ</strong></span> 
     </span>
     <span class='ocr_line' id='line_1_6' title="bbox 19 716 947 790; baseline -0.001 -22"><span class='ocrx_word' id='word_1_38' title='bbox 19 726 40 773; x_wconf 69' lang='lat' dir='ltr'><strong>ts</strong></span> <span class='ocrx_word' id='word_1_39' title='bbox 65 724 151 790; x_wconf 74' lang='lat' dir='ltr'><strong>viri,</strong></span> <span class='ocrx_word' id='word_1_40' title='bbox 165 724 216 790; x_wconf 78' lang='lat' dir='ltr'><strong>qui</strong></span> <span class='ocrx_word' id='word_1_41' title='bbox 237 724 300 779; x_wconf 65' lang='lat' dir='ltr'><strong>filiis</strong></span> <span class='ocrx_word' id='word_1_42' title='bbox 317 728 376 781; x_wconf 62' lang='lat' dir='ltr'><strong>suis</strong></span> <span class='ocrx_word' id='word_1_43' title='bbox 391 728 465 783; x_wconf 62' lang='lat' dir='ltr'>bene</span> <span class='ocrx_word' id='word_1_44' title='bbox 489 728 611 779; x_wconf 84' lang='lat' dir='ltr'><strong>suamque</strong></span> <span class='ocrx_word' id='word_1_45' title='bbox 624 716 730 767; x_wconf 90' lang='lat' dir='ltr'><strong>domum</strong></span> <span class='ocrx_word' id='word_1_46' title='bbox 740 716 806 767; x_wconf 86' lang='lat' dir='ltr'><strong>hene</strong></span> <span class='ocrx_word' id='word_1_47' title='bbox 818 720 947 769; x_wconf 79' lang='lat' dir='ltr'><strong>rexerint:</strong></span> 
     </span>
    </p>
   </div>
   <div class='ocr_carea' id='block_1_5' title="bbox 19 801 430 865">
    <p class='ocr_par' dir='ltr' id='par_1_5' title="bbox 19 801 430 865">
     <span class='ocr_line' id='line_1_7' title="bbox 19 801 430 865; baseline 0.019 -15"><span class='ocrx_word' id='word_1_48' title='bbox 19 801 154 865; x_wconf 84' lang='lat' dir='ltr'><strong>raesint,</strong></span> <span class='ocrx_word' id='word_1_49' title='bbox 170 808 198 855; x_wconf 90' lang='lat' dir='ltr'><strong>et</strong></span> <span class='ocrx_word' id='word_1_50' title='bbox 217 803 276 855; x_wconf 87' lang='lat' dir='ltr'><strong>suis</strong></span> <span class='ocrx_word' id='word_1_51' title='bbox 287 804 430 858; x_wconf 84' lang='lat' dir='ltr'>domibus.</span> 
     </span>
    </p>
   </div>
   <div class='ocr_carea' id='block_1_6' title="bbox 19 878 1084 1025">
    <p class='ocr_par' dir='ltr' id='par_1_6' title="bbox 19 878 1084 1025">
     <span class='ocr_line' id='line_1_8' title="bbox 33 878 1083 949; baseline 0.005 -19"><span class='ocrx_word' id='word_1_52' title='bbox 33 883 87 931; x_wconf 73' lang='lat'><strong>45.</strong></span> <span class='ocrx_word' id='word_1_53' title='bbox 104 878 165 940; x_wconf 86' lang='lat' dir='ltr'><strong>Qui</strong></span> <span class='ocrx_word' id='word_1_54' title='bbox 185 880 261 933; x_wconf 86' lang='lat' dir='ltr'><strong>enim</strong></span> <span class='ocrx_word' id='word_1_55' title='bbox 279 882 351 935; x_wconf 92' lang='lat' dir='ltr'><strong>hene</strong></span> <span class='ocrx_word' id='word_1_56' title='bbox 364 884 464 937; x_wconf 89' lang='lat' dir='ltr'><strong>minis·</strong></span> <span class='ocrx_word' id='word_1_57' title='bbox 517 880 564 943; x_wconf 81' lang='lat' dir='ltr'><strong>Qui</strong></span> <span class='ocrx_word' id='word_1_58' title='bbox 574 884 644 933; x_wconf 87' lang='lat' dir='ltr'><strong>enim</strong></span> <span class='ocrx_word' id='word_1_59' title='bbox 652 880 801 933; x_wconf 82' lang='lat' dir='ltr'><strong>diaconatus</strong></span> <span class='ocrx_word' id='word_1_60' title='bbox 810 883 891 935; x_wconf 86' lang='lat' dir='ltr'><strong>uitiato</strong></span> <span class='ocrx_word' id='word_1_61' title='bbox 901 884 950 935; x_wconf 82' lang='lat' dir='ltr'><strong>rlte</strong></span> <span class='ocrx_word' id='word_1_62' title='bbox 957 886 1083 949; x_wconf 75' lang='lat' dir='ltr'><strong>panorm</strong></span> 
     </span>
     <span class='ocr_line' id='line_1_9' title="bbox 19 948 1084 1025; baseline 0.001 -23"><span class='ocrx_word' id='word_1_63' title='bbox 19 956 463 1025; x_wconf 69' lang='lat' dir='ltr'><strong>·averina‚gi·adumh0numsjbj</strong></span> <span class='ocrx_word' id='word_1_64' title='bbox 486 948 597 1011; x_wconf 86' lang='lat' dir='ltr'><strong>luerint,</strong></span> <span class='ocrx_word' id='word_1_65' title='bbox 619 950 753 1001; x_wconf 78' lang='lat' dir='ltr'>honestam</span> <span class='ocrx_word' id='word_1_66' title='bbox 774 954 843 1002; x_wconf 88' lang='lat' dir='ltr'><strong>vium</strong></span> <span class='ocrx_word' id='word_1_67' title='bbox 867 952 916 1002; x_wconf 88' lang='lat' dir='ltr'><strong>sihl</strong></span> <span class='ocrx_word' id='word_1_68' title='bbox 941 957 1032 1015; x_wconf 80' lang='lat' dir='ltr'><strong>pssunt</strong></span> <span class='ocrx_word' id='word_1_69' title='bbox 1049 955 1084 1003; x_wconf 80' lang='lat' dir='ltr'><strong>&#39;ad</strong></span> 
     </span>
    </p>
   </div>
   <div class='ocr_carea' id='block_1_7' title="bbox 19 1018 1085 1248">
    <p class='ocr_par' dir='ltr' id='par_1_7' title="bbox 19 1018 1085 1248">
     <span class='ocr_line' id='line_1_10' title="bbox 19 1018 1085 1101; baseline -0.017 -11"><span class='ocrx_word' id='word_1_70' title='bbox 19 1036 181 1101; x_wconf 78' lang='lat' dir='ltr'><strong>equirent,</strong></span> <span class='ocrx_word' id='word_1_71' title='bbox 201 1042 231 1091; x_wconf 88' lang='lat' dir='ltr'><strong>et</strong></span> <span class='ocrx_word' id='word_1_72' title='bbox 252 1038 369 1091; x_wconf 85' lang='lat' dir='ltr'><strong>multem</strong></span> <span class='ocrx_word' id='word_1_73' title='bbox 388 1040 463 1093; x_wconf 85' lang='lat' dir='ltr'><strong>fidu·</strong></span> <span class='ocrx_word' id='word_1_74' title='bbox 484 1018 733 1101; x_wconf 51' lang='lat' dir='ltr'><strong>immensarum,</strong></span> <span class='ocrx_word' id='word_1_75' title='bbox 747 1020 905 1082; x_wconf 81' lang='lat' dir='ltr'><strong>multamque</strong></span> <span class='ocrx_word' id='word_1_76' title='bbox 920 1022 966 1070; x_wconf 92' lang='lat' dir='ltr'><strong>sibi</strong></span> <span class='ocrx_word' id='word_1_77' title='bbox 980 1024 1085 1083; x_wconf 89' lang='lat' dir='ltr'><strong>pariunt</strong></span> 
     </span>
     <span class='ocr_line' id='line_1_11' title="bbox 19 1088 1085 1184; baseline -0.008 -32"><span class='ocrx_word' id='word_1_78' title='bbox 19 1116 83 1166; x_wconf 60' lang='lat' dir='ltr'><strong>jam</strong></span> <span class='ocrx_word' id='word_1_79' title='bbox 96 1115 132 1167; x_wconf 69' lang='lat' dir='ltr'><strong>in</strong></span> <span class='ocrx_word' id='word_1_80' title='bbox 142 1114 273 1184; x_wconf 57' lang='lat' dir='ltr'><strong>fidequae</strong></span> <span class='ocrx_word' id='word_1_81' title='bbox 281 1120 325 1171; x_wconf 48' lang='grc' dir='ltr'><strong>θη</strong></span> <span class='ocrx_word' id='word_1_82' title='bbox 335 1116 464 1173; x_wconf 53' lang='lat' dir='ltr'><strong>imbris·</strong></span> <span class='ocrx_word' id='word_1_83' title='bbox 485 1088 565 1173; x_wconf 72' lang='lat' dir='ltr'><strong>alios,</strong></span> <span class='ocrx_word' id='word_1_84' title='bbox 575 1094 647 1149; x_wconf 79' lang='lat' dir='ltr'><strong>Juxta</strong></span> <span class='ocrx_word' id='word_1_85' title='bbox 662 1088 756 1173; x_wconf 77' lang='lat' dir='ltr'><strong>Christi</strong></span> <span class='ocrx_word' id='word_1_86' title='bbox 771 1089 863 1152; x_wconf 88' lang='lat' dir='ltr'><strong>tidem,</strong></span> <span class='ocrx_word' id='word_1_87' title='bbox 875 1090 982 1141; x_wconf 83' lang='lat' dir='ltr'><strong>doeendi</strong></span> <span class='ocrx_word' id='word_1_88' title='bbox 993 1098 1019 1142; x_wconf 90' lang='lat' dir='ltr'><strong>et</strong></span> <span class='ocrx_word' id='word_1_89' title='bbox 1028 1104 1085 1143; x_wconf 90' lang='lat' dir='ltr'><strong>mo-</strong></span> 
     </span>
     <span class='ocr_line' id='line_1_12' title="bbox 19 1158 765 1248; baseline -0.017 -24"><span class='ocrx_word' id='word_1_90' title='bbox 19 1208 28 1245; x_wconf 63' lang='lat'>)</span> <span class='ocrx_word' id='word_1_91' title='bbox 43 1197 145 1248; x_wconf 34' lang='grc' dir='ltr'><strong>κω..</strong></span> <span class='ocrx_word' id='word_1_92' title='bbox 230 1180 233 1187; x_wconf 84' lang='grc'><strong>’</strong></span> <span class='ocrx_word' id='word_1_93' title='bbox 484 1160 563 1211; x_wconf 77' lang='lat' dir='ltr'><strong>nendi</strong></span> <span class='ocrx_word' id='word_1_94' title='bbox 575 1158 765 1211; x_wconf 79' lang='lat' dir='ltr'><strong>confidentiam.</strong></span> 
     </span>
    </p>
   </div>
   <div class='ocr_carea' id='block_1_8' title="bbox 20 1374 1083 1581">
    <p class='ocr_par' dir='ltr' id='par_1_8' title="bbox 20 1374 1083 1581">
     <span class='ocr_line' id='line_1_13' title="bbox 32 1374 1083 1442; baseline 0.005 -16"><span class='ocrx_word' id='word_1_95' title='bbox 32 1379 73 1427; x_wconf 85' lang='lat' dir='ltr'><strong>De</strong></span> <span class='ocrx_word' id='word_1_96' title='bbox 87 1374 257 1431; x_wconf 84' lang='lat' dir='ltr'><strong>ordinatione</strong></span> <span class='ocrx_word' id='word_1_97' title='bbox 268 1392 320 1434; x_wconf 92' lang='lat' dir='ltr'><strong>nun</strong></span> <span class='ocrx_word' id='word_1_98' title='bbox 331 1378 444 1442; x_wconf 82' lang='lat' dir='ltr'><strong>loquitur</strong></span> <span class='ocrx_word' id='word_1_99' title='bbox 461 1376 608 1442; x_wconf 79' lang='lat' dir='ltr'><strong>Apostolus,</strong></span> <span class='ocrx_word' id='word_1_100' title='bbox 619 1380 679 1441; x_wconf 85' lang='lat' dir='ltr'><strong>quia</strong></span> <span class='ocrx_word' id='word_1_101' title='bbox 691 1376 822 1428; x_wconf 79' lang='lat' dir='ltr'><strong>Timotheo</strong></span> <span class='ocrx_word' id='word_1_102' title='bbox 835 1378 912 1435; x_wconf 76' lang='lat' dir='ltr'><strong>nott.</strong></span> <span class='ocrx_word' id='word_1_103' title='bbox 923 1383 979 1429; x_wconf 93' lang='lat' dir='ltr'><strong>tum</strong></span> <span class='ocrx_word' id='word_1_104' title='bbox 989 1392 1020 1429; x_wconf 81' lang='lat' dir='ltr'><strong>ex</strong></span> <span class='ocrx_word' id='word_1_105' title='bbox 1036 1394 1083 1431; x_wconf 85' lang='lat' dir='ltr'><strong>sna</strong></span> 
     </span>
     <span class='ocr_line' id='line_1_14' title="bbox 20 1447 1083 1512; baseline 0.006 -17"><span class='ocrx_word' id='word_1_106' title='bbox 20 1449 197 1509; x_wconf 85' lang='lat' dir='ltr'><strong>rdinatione,</strong></span> <span class='ocrx_word' id='word_1_107' title='bbox 216 1453 276 1499; x_wconf 89' lang='lat' dir='ltr'><strong>tum</strong></span> <span class='ocrx_word' id='word_1_108' title='bbox 293 1461 325 1499; x_wconf 86' lang='lat' dir='ltr'><strong>ex</strong></span> <span class='ocrx_word' id='word_1_109' title='bbox 340 1448 499 1499; x_wconf 75' lang='lat' dir='ltr'><strong>ordinatione</strong></span> <span class='ocrx_word' id='word_1_110' title='bbox 515 1451 612 1510; x_wconf 88' lang='lat' dir='ltr'><strong>septem</strong></span> <span class='ocrx_word' id='word_1_111' title='bbox 627 1449 768 1511; x_wconf 85' lang='lat' dir='ltr'><strong>primorum</strong></span> <span class='ocrx_word' id='word_1_112' title='bbox 785 1447 951 1498; x_wconf 83' lang='lat' dir='ltr'><strong>diaconorum</strong></span> <span class='ocrx_word' id='word_1_113' title='bbox 969 1461 1014 1512; x_wconf 88' lang='lat' dir='ltr'><strong>per</strong></span> <span class='ocrx_word' id='word_1_114' title='bbox 1028 1462 1083 1502; x_wconf 83' lang='lat' dir='ltr'><strong>ma-</strong></span> 
     </span>
     <span class='ocr_line' id='line_1_15' title="bbox 24 1514 607 1581; baseline 0.003 -17"><span class='ocrx_word' id='word_1_115' title='bbox 24 1532 97 1567; x_wconf 89' lang='grc' dir='ltr'>ιιιιιι]</span> <span class='ocrx_word' id='word_1_116' title='bbox 118 1516 309 1581; x_wconf 81' lang='lat' dir='ltr'><strong>impositionem</strong></span> <span class='ocrx_word' id='word_1_117' title='bbox 321 1554 329 1580; x_wconf 94' lang='lat'><strong>,</strong></span> <span class='ocrx_word' id='word_1_118' title='bbox 342 1518 374 1567; x_wconf 86' lang='lat' dir='ltr'><strong>de</strong></span> <span class='ocrx_word' id='word_1_119' title='bbox 391 1518 441 1579; x_wconf 77' lang='lat' dir='ltr'><strong>qut</strong></span> <span class='ocrx_word' id='word_1_120' title='bbox 457 1514 518 1566; x_wconf 79' lang='lat' dir='ltr'><strong>hut.</strong></span> <span class='ocrx_word' id='word_1_121' title='bbox 533 1520 558 1566; x_wconf 82' lang='grc'><strong>6.</strong></span> <span class='ocrx_word' id='word_1_122' title='bbox 605 1514 607 1519; x_wconf 81' lang='grc'>’</span> 
     </span>
    </p>
   </div>
   <div class='ocr_carea' id='block_1_9' title="bbox 19 1601 1137 3309">
    <p class='ocr_par' dir='ltr' id='par_1_9' title="bbox 36 1601 490 1665">
     <span class='ocr_line' id='line_1_16' title="bbox 36 1601 490 1665; baseline 0.004 -16"><span class='ocrx_word' id='word_1_123' title='bbox 36 1607 80 1651; x_wconf 87' lang='lat' dir='ltr'><strong>ll.</strong></span> <span class='ocrx_word' id='word_1_124' title='bbox 95 1601 218 1652; x_wconf 74' lang='lat' dir='ltr'><strong>Mulieres</strong></span> <span class='ocrx_word' id='word_1_125' title='bbox 225 1601 490 1665; x_wconf 75' lang='lat' dir='ltr'><strong>similiterpauioos...</strong></span> 
     </span>
    </p>

    <p class='ocr_par' dir='ltr' id='par_1_10' title="bbox 21 1668 1083 1803">
     <span class='ocr_line' id='line_1_17' title="bbox 34 1668 1083 1736; baseline 0.002 -17"><span class='ocrx_word' id='word_1_126' title='bbox 34 1673 67 1721; x_wconf 88' lang='lat' dir='ltr'><strong>D.</strong></span> <span class='ocrx_word' id='word_1_127' title='bbox 86 1672 307 1733; x_wconf 79' lang='lat' dir='ltr'><strong>chrysostomus,</strong></span> <span class='ocrx_word' id='word_1_128' title='bbox 322 1676 349 1721; x_wconf 89' lang='lat' dir='ltr'><strong>et</strong></span> <span class='ocrx_word' id='word_1_129' title='bbox 366 1676 425 1736; x_wconf 87' lang='lat' dir='ltr'><strong>post</strong></span> <span class='ocrx_word' id='word_1_130' title='bbox 439 1682 499 1721; x_wconf 90' lang='lat' dir='ltr'><strong>eum</strong></span> <span class='ocrx_word' id='word_1_131' title='bbox 518 1668 562 1719; x_wconf 87' lang='lat' dir='ltr'><strong>alii</strong></span> <span class='ocrx_word' id='word_1_132' title='bbox 581 1669 675 1731; x_wconf 83' lang='lat' dir='ltr'><strong>Graeet,</strong></span> <span class='ocrx_word' id='word_1_133' title='bbox 686 1669 739 1721; x_wconf 77' lang='lat' dir='ltr'><strong>imo</strong></span> <span class='ocrx_word' id='word_1_134' title='bbox 750 1673 777 1720; x_wconf 91' lang='lat' dir='ltr'><strong>et</strong></span> <span class='ocrx_word' id='word_1_135' title='bbox 791 1672 940 1723; x_wconf 78' lang='lat' dir='ltr'><strong>vetustiores</strong></span> <span class='ocrx_word' id='word_1_136' title='bbox 954 1670 1037 1723; x_wconf 84' lang='lat' dir='ltr'><strong>hutini</strong></span> <span class='ocrx_word' id='word_1_137' title='bbox 1056 1672 1083 1722; x_wconf 91' lang='lat' dir='ltr'><strong>id</strong></span> 
     </span>
     <span class='ocr_line' id='line_1_18' title="bbox 21 1738 643 1803; baseline 0.006 -15"><span class='ocrx_word' id='word_1_138' title='bbox 21 1742 162 1803; x_wconf 78' lang='lat' dir='ltr'><strong>rioilignnt</strong></span> <span class='ocrx_word' id='word_1_139' title='bbox 172 1740 204 1794; x_wconf 87' lang='lat' dir='ltr'><strong>de</strong></span> <span class='ocrx_word' id='word_1_140' title='bbox 216 1742 376 1793; x_wconf 77' lang='lat' dir='ltr'><strong>diaconissis.</strong></span> <span class='ocrx_word' id='word_1_141' title='bbox 641 1738 643 1743; x_wconf 84' lang='lat'>&#39;</span> 
     </span>
    </p>

    <p class='ocr_par' dir='ltr' id='par_1_11' title="bbox 19 1810 1083 2013">
     <span class='ocr_line' id='line_1_19' title="bbox 35 1810 1083 1875; baseline 0.002 -14"><span class='ocrx_word' id='word_1_142' title='bbox 35 1813 127 1863; x_wconf 79' lang='lat' dir='ltr'><strong>Erunt</strong></span> <span class='ocrx_word' id='word_1_143' title='bbox 141 1814 212 1861; x_wconf 87' lang='lat' dir='ltr'><strong>enim</strong></span> <span class='ocrx_word' id='word_1_144' title='bbox 227 1814 255 1861; x_wconf 92' lang='lat' dir='ltr'><strong>ln</strong></span> <span class='ocrx_word' id='word_1_145' title='bbox 272 1810 402 1875; x_wconf 71' lang='lat' dir='ltr'><strong>primitiva</strong></span> <span class='ocrx_word' id='word_1_146' title='bbox 413 1810 525 1863; x_wconf 77' lang='lat' dir='ltr'><strong>Ecclesid</strong></span> <span class='ocrx_word' id='word_1_147' title='bbox 535 1811 636 1863; x_wconf 84' lang='lat' dir='ltr'><strong>lemlnae</strong></span> <span class='ocrx_word' id='word_1_148' title='bbox 649 1810 764 1873; x_wconf 81' lang='lat' dir='ltr'><strong>quadam</strong></span> <span class='ocrx_word' id='word_1_149' title='bbox 778 1812 854 1863; x_wconf 85' lang='lat' dir='ltr'><strong>sertis</strong></span> <span class='ocrx_word' id='word_1_150' title='bbox 866 1810 1018 1875; x_wconf 82' lang='lat' dir='ltr'><strong>quibusdem</strong></span> <span class='ocrx_word' id='word_1_151' title='bbox 1030 1816 1083 1863; x_wconf 90' lang='lat' dir='ltr'><strong>mi-</strong></span> 
     </span>
     <span class='ocr_line' id='line_1_20' title="bbox 19 1880 1081 1945; baseline 0.003 -16"><span class='ocrx_word' id='word_1_152' title='bbox 19 1885 131 1933; x_wconf 78' lang='lat' dir='ltr'><strong>risteriis</strong></span> <span class='ocrx_word' id='word_1_153' title='bbox 141 1880 278 1945; x_wconf 78' lang='lat' dir='ltr'><strong>deputata,</strong></span> <span class='ocrx_word' id='word_1_154' title='bbox 290 1895 399 1944; x_wconf 85' lang='lat' dir='ltr'><strong>quarum</strong></span> <span class='ocrx_word' id='word_1_155' title='bbox 408 1881 477 1943; x_wconf 79' lang='lat' dir='ltr'><strong>allae,</strong></span> <span class='ocrx_word' id='word_1_156' title='bbox 487 1883 602 1945; x_wconf 70' lang='lat' dir='ltr'><strong>iuniores</strong></span> <span class='ocrx_word' id='word_1_157' title='bbox 610 1880 716 1944; x_wconf 79' lang='lat' dir='ltr'><strong>seilicet,</strong></span> <span class='ocrx_word' id='word_1_158' title='bbox 725 1880 883 1942; x_wconf 71' lang='lat' dir='ltr'><strong>diamnissaer</strong></span> <span class='ocrx_word' id='word_1_159' title='bbox 894 1882 950 1935; x_wconf 82' lang='lat' dir='ltr'><strong>allae</strong></span> <span class='ocrx_word' id='word_1_160' title='bbox 960 1886 1081 1943; x_wconf 80' lang='lat' dir='ltr'><strong>seniores,</strong></span> 
     </span>
     <span class='ocr_line' id='line_1_21' title="bbox 19 1946 699 2013; baseline 0 -14"><span class='ocrx_word' id='word_1_161' title='bbox 19 1946 177 2013; x_wconf 72' lang='lat' dir='ltr'><strong>uoshyterae‘</strong></span> <span class='ocrx_word' id='word_1_162' title='bbox 187 1949 354 2013; x_wconf 78' lang='lat' dir='ltr'><strong>dicebantur;</strong></span> <span class='ocrx_word' id='word_1_163' title='bbox 372 1952 508 2013; x_wconf 82' lang='lat' dir='ltr'><strong>dequibus</strong></span> <span class='ocrx_word' id='word_1_164' title='bbox 521 1963 577 2013; x_wconf 85' lang='lat' dir='ltr'><strong>cap.</strong></span> <span class='ocrx_word' id='word_1_165' title='bbox 590 1952 618 2012; x_wconf 88' lang='lat'><strong>5,</strong></span> <span class='ocrx_word' id='word_1_166' title='bbox 630 1962 659 2001; x_wconf 92' lang='lat' dir='ltr'><strong>n.</strong></span> <span class='ocrx_word' id='word_1_167' title='bbox 672 1952 699 2000; x_wconf 86' lang='lat'><strong>8.</strong></span> 
     </span>
    </p>

    <p class='ocr_par' dir='ltr' id='par_1_12' title="bbox 19 2018 1137 2293">
     <span class='ocr_line' id='line_1_22' title="bbox 37 2018 1081 2083; baseline 0.001 -13"><span class='ocrx_word' id='word_1_168' title='bbox 37 2023 135 2071; x_wconf 82' lang='lat' dir='ltr'><strong>Petrus</strong></span> <span class='ocrx_word' id='word_1_169' title='bbox 152 2018 307 2070; x_wconf 78' lang='lat' dir='ltr'><strong>lombardus</strong></span> <span class='ocrx_word' id='word_1_170' title='bbox 320 2057 328 2080; x_wconf 93' lang='lat'><strong>,</strong></span> <span class='ocrx_word' id='word_1_171' title='bbox 341 2020 371 2071; x_wconf 86' lang='grc' dir='ltr'><strong>Ι).</strong></span> <span class='ocrx_word' id='word_1_172' title='bbox 385 2020 494 2071; x_wconf 85' lang='lat' dir='ltr'><strong>&#39;ihomas</strong></span> <span class='ocrx_word' id='word_1_173' title='bbox 507 2024 533 2069; x_wconf 91' lang='lat' dir='ltr'><strong>et</strong></span> <span class='ocrx_word' id='word_1_174' title='bbox 542 2021 663 2070; x_wconf 83' lang='lat' dir='ltr'><strong>neoterici</strong></span> <span class='ocrx_word' id='word_1_175' title='bbox 679 2020 748 2070; x_wconf 91' lang='lat' dir='ltr'><strong>istud</strong></span> <span class='ocrx_word' id='word_1_176' title='bbox 758 2019 903 2083; x_wconf 84' lang='lat' dir='ltr'><strong>intelligunt</strong></span> <span class='ocrx_word' id='word_1_177' title='bbox 915 2022 947 2072; x_wconf 88' lang='lat' dir='ltr'><strong>de</strong></span> <span class='ocrx_word' id='word_1_178' title='bbox 961 2021 1081 2073; x_wconf 79' lang='lat' dir='ltr'><strong>uxoribus</strong></span> 
     </span>
     <span class='ocr_line' id='line_1_23' title="bbox 25 2089 1137 2153; baseline 0 -14"><span class='ocrx_word' id='word_1_179' title='bbox 25 2095 202 2152; x_wconf 77' lang='lat' dir='ltr'><strong>turonorum,</strong></span> <span class='ocrx_word' id='word_1_180' title='bbox 214 2102 259 2141; x_wconf 90' lang='lat' dir='ltr'><strong>seu</strong></span> <span class='ocrx_word' id='word_1_181' title='bbox 274 2103 337 2153; x_wconf 80' lang='lat' dir='ltr'><strong>quus</strong></span> <span class='ocrx_word' id='word_1_182' title='bbox 347 2089 473 2143; x_wconf 86' lang='lat' dir='ltr'><strong>habebant</strong></span> <span class='ocrx_word' id='word_1_183' title='bbox 484 2092 543 2139; x_wconf 85' lang='lat' dir='ltr'><strong>unte</strong></span> <span class='ocrx_word' id='word_1_184' title='bbox 555 2102 627 2139; x_wconf 82' lang='lat' dir='ltr'><strong>suam</strong></span> <span class='ocrx_word' id='word_1_185' title='bbox 641 2089 835 2152; x_wconf 84' lang='lat' dir='ltr'><strong>ordinationem,</strong></span> <span class='ocrx_word' id='word_1_186' title='bbox 847 2092 872 2140; x_wconf 90' lang='lat' dir='ltr'><strong>et</strong></span> <span class='ocrx_word' id='word_1_187' title='bbox 884 2092 899 2140; x_wconf 79' lang='lat' dir='ltr'><strong>h</strong></span> <span class='ocrx_word' id='word_1_188' title='bbox 911 2105 1020 2153; x_wconf 88' lang='lat' dir='ltr'><strong>quarum</strong></span> <span class='ocrx_word' id='word_1_189' title='bbox 1032 2104 1080 2141; x_wconf 87' lang='lat' dir='ltr'><strong>usu</strong></span> <span class='ocrx_word' id='word_1_190' title='bbox 1126 2105 1137 2139; x_wconf 82' lang='lat' dir='ltr'><strong>a</strong></span> 
     </span>
     <span class='ocr_line' id='line_1_24' title="bbox 19 2157 1082 2224; baseline 0.004 -17"><span class='ocrx_word' id='word_1_191' title='bbox 19 2163 72 2211; x_wconf 74' lang='lat' dir='ltr'><strong>root</strong></span> <span class='ocrx_word' id='word_1_192' title='bbox 91 2160 266 2223; x_wconf 80' lang='lat' dir='ltr'><strong>abstinerent,</strong></span> <span class='ocrx_word' id='word_1_193' title='bbox 283 2172 348 2215; x_wconf 83' lang='lat' dir='ltr'><strong>eum</strong></span> <span class='ocrx_word' id='word_1_194' title='bbox 363 2160 404 2213; x_wconf 74' lang='lat' dir='ltr'><strong>&#39;eis</strong></span> <span class='ocrx_word' id='word_1_195' title='bbox 420 2164 509 2211; x_wconf 86' lang='lat' dir='ltr'><strong>tamen</strong></span> <span class='ocrx_word' id='word_1_196' title='bbox 521 2157 704 2220; x_wconf 84' lang='lat' dir='ltr'><strong>morabuntur,</strong></span> <span class='ocrx_word' id='word_1_197' title='bbox 720 2170 754 2209; x_wconf 89' lang='lat' dir='ltr'><strong>ne</strong></span> <span class='ocrx_word' id='word_1_198' title='bbox 765 2158 781 2208; x_wconf 82' lang='lat' dir='ltr'><strong>t</strong></span> <span class='ocrx_word' id='word_1_199' title='bbox 791 2160 854 2209; x_wconf 81' lang='lat' dir='ltr'><strong>viris</strong></span> <span class='ocrx_word' id='word_1_200' title='bbox 863 2164 1000 2224; x_wconf 74' lang='lat' dir='ltr'><strong>separate,</strong></span> <span class='ocrx_word' id='word_1_201' title='bbox 1014 2160 1082 2211; x_wconf 88' lang='lat' dir='ltr'><strong>labe-</strong></span> 
     </span>
     <span class='ocr_line' id='line_1_25' title="bbox 19 2234 693 2293; baseline 0.012 -15"><span class='ocrx_word' id='word_1_202' title='bbox 19 2239 103 2283; x_wconf 86' lang='lat' dir='ltr'><strong>·ontur</strong></span> <span class='ocrx_word' id='word_1_203' title='bbox 120 2234 151 2281; x_wconf 90' lang='lat' dir='ltr'><strong>in</strong></span> <span class='ocrx_word' id='word_1_204' title='bbox 168 2234 314 2293; x_wconf 84' lang='lat' dir='ltr'><strong>pausatum.</strong></span> <span class='ocrx_word' id='word_1_205' title='bbox 690 2234 693 2237; x_wconf 78' lang='grc'><strong><em>’</em></strong></span> 
     </span>
    </p>

    <p class='ocr_par' dir='ltr' id='par_1_13' title="bbox 19 2298 1080 2434">
     <span class='ocr_line' id='line_1_26' title="bbox 33 2298 1080 2365; baseline 0.004 -15"><span class='ocrx_word' id='word_1_206' title='bbox 33 2304 203 2352; x_wconf 85' lang='lat' dir='ltr'><strong>Sicutantem</strong></span> <span class='ocrx_word' id='word_1_207' title='bbox 209 2300 290 2351; x_wconf 78' lang='lat' dir='ltr'><strong>voluit</strong></span> <span class='ocrx_word' id='word_1_208' title='bbox 296 2301 464 2365; x_wconf 77' lang='lat' dir='ltr'><strong>apostatasse</strong></span> <span class='ocrx_word' id='word_1_209' title='bbox 472 2300 581 2363; x_wconf 82' lang='lat' dir='ltr'><strong>episcopi</strong></span> <span class='ocrx_word' id='word_1_210' title='bbox 590 2298 687 2352; x_wconf 83' lang='lat' dir='ltr'><strong>tamilla</strong></span> <span class='ocrx_word' id='word_1_211' title='bbox 693 2299 843 2363; x_wconf 82' lang='lat' dir='ltr'><strong>sit.lllihota;</strong></span> <span class='ocrx_word' id='word_1_212' title='bbox 853 2300 948 2353; x_wconf 81' lang='lat' dir='ltr'><strong>ltaruit</strong></span> <span class='ocrx_word' id='word_1_213' title='bbox 956 2303 985 2353; x_wconf 90' lang='lat' dir='ltr'><strong>nt</strong></span> <span class='ocrx_word' id='word_1_214' title='bbox 991 2306 1017 2353; x_wconf 87' lang='lat' dir='ltr'><strong>et</strong></span> <span class='ocrx_word' id='word_1_215' title='bbox 1024 2303 1080 2354; x_wconf 89' lang='lat' dir='ltr'><strong>dia-</strong></span> 
     </span>
     <span class='ocr_line' id='line_1_27' title="bbox 19 2370 1078 2434; baseline 0.002 -15"><span class='ocrx_word' id='word_1_216' title='bbox 19 2384 145 2422; x_wconf 88' lang='lat' dir='ltr'><strong>:unorum</strong></span> <span class='ocrx_word' id='word_1_217' title='bbox 153 2373 272 2421; x_wconf 80' lang='lat' dir='ltr'><strong>uxoreset</strong></span> <span class='ocrx_word' id='word_1_218' title='bbox 278 2370 382 2421; x_wconf 85' lang='lat' dir='ltr'><strong>tiliisint</strong></span> <span class='ocrx_word' id='word_1_219' title='bbox 388 2371 451 2421; x_wconf 89' lang='lat' dir='ltr'><strong>hene</strong></span> <span class='ocrx_word' id='word_1_220' title='bbox 459 2370 660 2430; x_wconf 71' lang='lat' dir='ltr'><strong>morigerlzquia</strong></span> <span class='ocrx_word' id='word_1_221' title='bbox 667 2383 698 2419; x_wconf 87' lang='lat' dir='ltr'><strong>ex</strong></span> <span class='ocrx_word' id='word_1_222' title='bbox 704 2370 1013 2434; x_wconf 74' lang='lat' dir='ltr'><strong>vlthuxorispendetluma</strong></span> <span class='ocrx_word' id='word_1_223' title='bbox 1020 2374 1078 2421; x_wconf 84' lang='lat' dir='ltr'><strong>vlrl.</strong></span> 
     </span>
    </p>

    <p class='ocr_par' dir='ltr' id='par_1_14' title="bbox 20 2443 1080 2579">
     <span class='ocr_line' id='line_1_28' title="bbox 40 2443 1080 2511; baseline 0.002 -16"><span class='ocrx_word' id='word_1_224' title='bbox 40 2447 116 2507; x_wconf 84' lang='lat' dir='ltr'><strong>Quod</strong></span> <span class='ocrx_word' id='word_1_225' title='bbox 128 2450 217 2497; x_wconf 79' lang='lat' dir='ltr'><strong>sutem</strong></span> <span class='ocrx_word' id='word_1_226' title='bbox 236 2445 267 2497; x_wconf 87' lang='lat' dir='ltr'><strong>do</strong></span> <span class='ocrx_word' id='word_1_227' title='bbox 280 2444 446 2497; x_wconf 78' lang='lat' dir='ltr'><strong>dheonmum</strong></span> <span class='ocrx_word' id='word_1_228' title='bbox 457 2443 577 2496; x_wconf 80' lang='lat' dir='ltr'><strong>uxuribus</strong></span> <span class='ocrx_word' id='word_1_229' title='bbox 592 2443 673 2506; x_wconf 80' lang='lat' dir='ltr'><strong>dish,</strong></span> <span class='ocrx_word' id='word_1_230' title='bbox 689 2445 716 2496; x_wconf 87' lang='lat' dir='ltr'><strong>id</strong></span> <span class='ocrx_word' id='word_1_231' title='bbox 728 2449 755 2497; x_wconf 92' lang='lat' dir='ltr'><strong>et</strong></span> <span class='ocrx_word' id='word_1_232' title='bbox 764 2445 1007 2511; x_wconf 79' lang='lat' dir='ltr'><strong>depreshyterornm</strong></span> <span class='ocrx_word' id='word_1_233' title='bbox 1018 2459 1080 2499; x_wconf 86' lang='lat' dir='ltr'><strong>aon-</strong></span> 
     </span>
     <span class='ocr_line' id='line_1_29' title="bbox 20 2514 250 2579; baseline 0.013 -15"><span class='ocrx_word' id='word_1_234' title='bbox 20 2519 112 2576; x_wconf 63' lang='lat' dir='ltr'><strong>uglbus</strong></span> <span class='ocrx_word' id='word_1_235' title='bbox 127 2514 250 2579; x_wconf 76' lang='lat' dir='ltr'><strong>intellige.</strong></span> 
     </span>
    </p>

    <p class='ocr_par' dir='ltr' id='par_1_15' title="bbox 19 2583 1078 2725">
     <span class='ocr_line' id='line_1_30' title="bbox 42 2583 1078 2651; baseline 0.004 -16"><span class='ocrx_word' id='word_1_236' title='bbox 42 2589 93 2637; x_wconf 85' lang='lat' dir='ltr'><strong>llas</strong></span> <span class='ocrx_word' id='word_1_237' title='bbox 111 2598 172 2649; x_wconf 82' lang='lat' dir='ltr'><strong>ergo</strong></span> <span class='ocrx_word' id='word_1_238' title='bbox 187 2586 306 2637; x_wconf 88' lang='lat' dir='ltr'><strong>mulieres</strong></span> <span class='ocrx_word' id='word_1_239' title='bbox 324 2590 422 2651; x_wconf 89' lang='lat' dir='ltr'><strong>oportet</strong></span> <span class='ocrx_word' id='word_1_240' title='bbox 439 2598 496 2639; x_wconf 83' lang='lat' dir='ltr'><strong>essu</strong></span> <span class='ocrx_word' id='word_1_241' title='bbox 514 2583 634 2651; x_wconf 82' lang='lat' dir='ltr'><strong>pudieus,</strong></span> <span class='ocrx_word' id='word_1_242' title='bbox 650 2586 880 2646; x_wconf 80' lang='lat' dir='ltr'><strong>nondetrohentes,</strong></span> <span class='ocrx_word' id='word_1_243' title='bbox 895 2599 940 2637; x_wconf 87' lang='lat' dir='ltr'><strong>seu</strong></span> <span class='ocrx_word' id='word_1_244' title='bbox 955 2586 1078 2639; x_wconf 77' lang='lat' dir='ltr'><strong>obtrecta-</strong></span> 
     </span>
     <span class='ocr_line' id='line_1_31' title="bbox 19 2656 1002 2725; baseline 0.007 -19"><span class='ocrx_word' id='word_1_245' title='bbox 19 2661 102 2720; x_wconf 72' lang='lat' dir='ltr'><strong>ntes,</strong></span> <span class='ocrx_word' id='word_1_246' title='bbox 118 2656 221 2709; x_wconf 78' lang='lat' dir='ltr'><strong>sobrius</strong></span> <span class='ocrx_word' id='word_1_247' title='bbox 231 2658 414 2722; x_wconf 71' lang='lat' dir='ltr'><strong>etrlglhotos,</strong></span> <span class='ocrx_word' id='word_1_248' title='bbox 424 2658 561 2725; x_wconf 68' lang='lat' dir='ltr'><strong>erpaldus,</strong></span> <span class='ocrx_word' id='word_1_249' title='bbox 577 2656 676 2723; x_wconf 67' lang='lat' dir='ltr'><strong>fideles,</strong></span> <span class='ocrx_word' id='word_1_250' title='bbox 691 2656 1002 2721; x_wconf 81' lang='lat' dir='ltr'><strong>mhuqueuenauuantes.</strong></span> 
     </span>
    </p>

    <p class='ocr_par' dir='ltr' id='par_1_16' title="bbox 28 2746 1080 2943">
     <span class='ocr_line' id='line_1_32' title="bbox 45 2746 1017 2809; baseline 0.009 -8"><span class='ocrx_word' id='word_1_251' title='bbox 45 2754 364 2807; x_wconf 67' lang='lat' dir='ltr'><strong>laudamentum</strong></span> <span class='ocrx_word' id='word_1_252' title='bbox 378 2756 467 2805; x_wconf 73' lang='lat' dir='ltr'><strong>osae</strong></span> <span class='ocrx_word' id='word_1_253' title='bbox 481 2758 542 2809; x_wconf 73' lang='lat' dir='ltr'><strong>vers.</strong></span> <span class='ocrx_word' id='word_1_254' title='bbox 1008 2746 1017 2765; x_wconf 93' lang='lat'><em>&#39;</em></span> 
     </span>
     <span class='ocr_line' id='line_1_33' title="bbox 28 2820 1080 2943; baseline 0.008 -73"><span class='ocrx_word' id='word_1_255' title='bbox 28 2820 70 2938; x_wconf 87' lang='lat' dir='ltr'><strong>blu</strong></span> <span class='ocrx_word' id='word_1_256' title='bbox 84 2823 280 2943; x_wconf 54' lang='lat' dir='ltr'><strong>isrrdtelhmndom</strong></span> <span class='ocrx_word' id='word_1_257' title='bbox 294 2824 384 2877; x_wconf 83' lang='lat' dir='ltr'><strong>oudam</strong></span> <span class='ocrx_word' id='word_1_258' title='bbox 397 2824 475 2877; x_wconf 85' lang='lat' dir='ltr'><strong>modo</strong></span> <span class='ocrx_word' id='word_1_259' title='bbox 487 2838 538 2889; x_wconf 81' lang='lat' dir='ltr'><strong>quo</strong></span> <span class='ocrx_word' id='word_1_260' title='bbox 556 2824 635 2893; x_wconf 78' lang='lat' dir='ltr'><strong>suprt</strong></span> <span class='ocrx_word' id='word_1_261' title='bbox 649 2825 683 2879; x_wconf 81' lang='lat' dir='ltr'><strong>du</strong></span> <span class='ocrx_word' id='word_1_262' title='bbox 699 2824 979 2894; x_wconf 74' lang='lat' dir='ltr'><strong>eptsopoexpuoatun</strong></span> <span class='ocrx_word' id='word_1_263' title='bbox 988 2824 1043 2890; x_wconf 78' lang='lat' dir='ltr'><strong>eat,</strong></span> <span class='ocrx_word' id='word_1_264' title='bbox 1053 2823 1080 2877; x_wconf 84' lang='lat' dir='ltr'><strong>et</strong></span> 
     </span>
    </p>

    <p class='ocr_par' dir='ltr' id='par_1_17' title="bbox 19 2896 471 2945">
     <span class='ocr_line' id='line_1_34' title="bbox 19 2896 471 2945; baseline -0.002 -4"><span class='ocrx_word' id='word_1_265' title='bbox 19 2903 26 2937; x_wconf 80' lang='grc' dir='ltr'>ι</span> <span class='ocrx_word' id='word_1_266' title='bbox 58 2906 87 2943; x_wconf 87' lang='lat' dir='ltr'><strong>ea</strong></span> <span class='ocrx_word' id='word_1_267' title='bbox 119 2906 162 2943; x_wconf 88' lang='lat' dir='ltr'><strong>em</strong></span> <span class='ocrx_word' id='word_1_268' title='bbox 172 2896 293 2945; x_wconf 85' lang='lat' dir='ltr'><strong>rationes.</strong></span> <span class='ocrx_word' id='word_1_269' title='bbox 468 2934 471 2940; x_wconf 94' lang='lat'><strong>.</strong></span> 
     </span>
    </p>

    <p class='ocr_par' dir='ltr' id='par_1_18' title="bbox 19 2962 1078 3153">
     <span class='ocr_line' id='line_1_35' title="bbox 40 2962 1078 3035; baseline 0.006 -25"><span class='ocrx_word' id='word_1_270' title='bbox 40 2962 185 3025; x_wconf 82' lang='lat' dir='ltr'><strong>Diaconos,</strong></span> <span class='ocrx_word' id='word_1_271' title='bbox 199 2966 227 3015; x_wconf 91' lang='lat' dir='ltr'><strong>ln</strong></span> <span class='ocrx_word' id='word_1_272' title='bbox 240 2976 286 3015; x_wconf 85' lang='lat' dir='ltr'><strong>suu</strong></span> <span class='ocrx_word' id='word_1_273' title='bbox 296 2976 353 3028; x_wconf 73' lang='lat' dir='ltr'><strong>argu</strong></span> <span class='ocrx_word' id='word_1_274' title='bbox 363 2965 510 3031; x_wconf 71' lang='lat' dir='ltr'><strong>episcopum</strong></span> <span class='ocrx_word' id='word_1_275' title='bbox 525 2969 685 3027; x_wconf 83' lang='lat' dir='ltr'><strong>ministerio,</strong></span> <span class='ocrx_word' id='word_1_276' title='bbox 696 2966 782 3017; x_wconf 82' lang='lat' dir='ltr'><strong>lesum</strong></span> <span class='ocrx_word' id='word_1_277' title='bbox 790 2964 919 3016; x_wconf 82' lang='lat' dir='ltr'><strong>Christum</strong></span> <span class='ocrx_word' id='word_1_278' title='bbox 926 2964 987 3035; x_wconf 71' lang='grc' dir='ltr'><strong>,Μ</strong></span> <span class='ocrx_word' id='word_1_279' title='bbox 998 2964 1078 3016; x_wconf 76' lang='lat' dir='ltr'><strong>Putris</strong></span> 
     </span>
     <span class='ocr_line' id='line_1_36' title="bbox 19 3031 1068 3101; baseline 0.01 -25"><span class='ocrx_word' id='word_1_280' title='bbox 19 3031 169 3097; x_wconf 79' lang='lat' dir='ltr'><strong>lineorum,</strong></span> <span class='ocrx_word' id='word_1_281' title='bbox 183 3046 229 3087; x_wconf 85' lang='lat' dir='ltr'><strong>suu</strong></span> <span class='ocrx_word' id='word_1_282' title='bbox 244 3036 412 3098; x_wconf 87' lang='lat' dir='ltr'><strong>ministrum,</strong></span> <span class='ocrx_word' id='word_1_283' title='bbox 429 3042 610 3101; x_wconf 60' lang='lat' dir='ltr'><strong>representem</strong></span> <span class='ocrx_word' id='word_1_284' title='bbox 626 3036 743 3089; x_wconf 77' lang='lat' dir='ltr'><strong>christus</strong></span> <span class='ocrx_word' id='word_1_285' title='bbox 757 3037 828 3087; x_wconf 85' lang='lat' dir='ltr'><strong>euim</strong></span> <span class='ocrx_word' id='word_1_286' title='bbox 837 3034 887 3086; x_wconf 85' lang='lat' dir='ltr'><strong>tuit</strong></span> <span class='ocrx_word' id='word_1_287' title='bbox 896 3034 941 3085; x_wconf 81' lang='lat' dir='ltr'><strong>liei</strong></span> <span class='ocrx_word' id='word_1_288' title='bbox 951 3036 1068 3087; x_wconf 78' lang='lat' dir='ltr'><strong>minister</strong></span> 
     </span>
     <span class='ocr_line' id='line_1_37' title="bbox 19 3099 146 3153; baseline 0.047 -6"><span class='ocrx_word' id='word_1_289' title='bbox 19 3099 85 3152; x_wconf 47' lang='grc' dir='ltr'><strong>ΙιὶιθΙῙῙ.</strong></span> <span class='ocrx_word' id='word_1_290' title='bbox 103 3106 146 3153; x_wconf 68' lang='lat'><strong>¹50</strong></span> 
     </span>
    </p>

    <p class='ocr_par' dir='ltr' id='par_1_19' title="bbox 19 3169 1077 3309">
     <span class='ocr_line' id='line_1_38' title="bbox 42 3169 1077 3241; baseline 0.01 -20"><span class='ocrx_word' id='word_1_291' title='bbox 42 3174 113 3223; x_wconf 83' lang='lat' dir='ltr'><strong>Siout</strong></span> <span class='ocrx_word' id='word_1_292' title='bbox 127 3185 186 3235; x_wconf 82' lang='lat' dir='ltr'><strong>ergo</strong></span> <span class='ocrx_word' id='word_1_293' title='bbox 196 3174 265 3225; x_wconf 80' lang='lat' dir='ltr'><strong>eirea</strong></span> <span class='ocrx_word' id='word_1_294' title='bbox 275 3184 354 3225; x_wconf 83' lang='lat' dir='ltr'><strong>nnenr</strong></span> <span class='ocrx_word' id='word_1_295' title='bbox 365 3171 518 3240; x_wconf 76' lang='lat' dir='ltr'><strong>Eeoleslatn,</strong></span> <span class='ocrx_word' id='word_1_296' title='bbox 530 3186 650 3241; x_wconf 83' lang='lat' dir='ltr'><strong>sponsam</strong></span> <span class='ocrx_word' id='word_1_297' title='bbox 662 3181 753 3235; x_wconf 83' lang='lat' dir='ltr'><strong>snam,</strong></span> <span class='ocrx_word' id='word_1_298' title='bbox 767 3170 817 3225; x_wconf 76' lang='lat' dir='ltr'><strong>lus</strong></span> <span class='ocrx_word' id='word_1_299' title='bbox 827 3170 873 3225; x_wconf 82' lang='lat' dir='ltr'><strong>nst</strong></span> <span class='ocrx_word' id='word_1_300' title='bbox 883 3169 1001 3229; x_wconf 75' lang='lat' dir='ltr'><strong>mestar</strong></span> <span class='ocrx_word' id='word_1_301' title='bbox 1013 3195 1022 3227; x_wconf 85' lang='grc' dir='ltr'>ι</span> <span class='ocrx_word' id='word_1_302' title='bbox 1039 3176 1077 3231; x_wconf 70' lang='lat' dir='ltr'><strong>lta</strong></span> 
     </span>
     <span class='ocr_line' id='line_1_39' title="bbox 19 3244 588 3309; baseline 0.019 -21"><span class='ocrx_word' id='word_1_303' title='bbox 19 3246 38 3290; x_wconf 82' lang='lat' dir='ltr'><strong>et</strong></span> <span class='ocrx_word' id='word_1_304' title='bbox 51 3244 177 3296; x_wconf 80' lang='lat' dir='ltr'><strong>diaconus</strong></span> <span class='ocrx_word' id='word_1_305' title='bbox 188 3246 266 3295; x_wconf 81' lang='lat' dir='ltr'><strong>nnius</strong></span> <span class='ocrx_word' id='word_1_306' title='bbox 275 3256 372 3309; x_wconf 80' lang='lat' dir='ltr'><strong>sponsa</strong></span> <span class='ocrx_word' id='word_1_307' title='bbox 381 3247 482 3297; x_wconf 81' lang='lat' dir='ltr'><strong>tantum</strong></span> <span class='ocrx_word' id='word_1_308' title='bbox 494 3250 527 3299; x_wconf 86' lang='lat' dir='ltr'><strong>slt</strong></span> <span class='ocrx_word' id='word_1_309' title='bbox 536 3250 588 3299; x_wconf 81' lang='lat' dir='ltr'><strong>rlr.</strong></span> 
     </span>
    </p>
   </div>
   <div class='ocr_carea' id='block_1_10' title="bbox 19 3338 1077 3888">
    <p class='ocr_par' dir='ltr' id='par_1_20' title="bbox 19 3338 1076 3541">
     <span class='ocr_line' id='line_1_40' title="bbox 45 3338 1076 3409; baseline 0.01 -22"><span class='ocrx_word' id='word_1_310' title='bbox 45 3342 83 3389; x_wconf 85' lang='lat'><strong>13.</strong></span> <span class='ocrx_word' id='word_1_311' title='bbox 99 3338 150 3399; x_wconf 81' lang='lat' dir='ltr'><strong>Qui</strong></span> <span class='ocrx_word' id='word_1_312' title='bbox 162 3339 228 3389; x_wconf 77' lang='lat' dir='ltr'><strong>etaim</strong></span> <span class='ocrx_word' id='word_1_313' title='bbox 243 3338 300 3390; x_wconf 75' lang='lat' dir='ltr'><strong>hene</strong></span> <span class='ocrx_word' id='word_1_314' title='bbox 312 3340 539 3395; x_wconf 75' lang='lat' dir='ltr'><strong>ministraverint...</strong></span> <span class='ocrx_word' id='word_1_315' title='bbox 560 3354 604 3393; x_wconf 85' lang='lat' dir='ltr'><strong>seu</strong></span> <span class='ocrx_word' id='word_1_316' title='bbox 621 3342 769 3409; x_wconf 73' lang='lat' dir='ltr'><strong>diaconatus</strong></span> <span class='ocrx_word' id='word_1_317' title='bbox 782 3341 863 3393; x_wconf 85' lang='lat' dir='ltr'><strong>ethelo</strong></span> <span class='ocrx_word' id='word_1_318' title='bbox 874 3342 940 3393; x_wconf 75' lang='lat' dir='ltr'><strong>hene</strong></span> <span class='ocrx_word' id='word_1_319' title='bbox 951 3344 1076 3407; x_wconf 82' lang='lat' dir='ltr'><strong>perfuncti</strong></span> 
     </span>
     <span class='ocr_line' id='line_1_41' title="bbox 19 3406 1076 3475; baseline 0.01 -21"><span class='ocrx_word' id='word_1_320' title='bbox 19 3406 123 3467; x_wconf 75' lang='lat' dir='ltr'><strong>inerint,</strong></span> <span class='ocrx_word' id='word_1_321' title='bbox 137 3406 270 3457; x_wconf 84' lang='lat' dir='ltr'><strong>honestam</strong></span> <span class='ocrx_word' id='word_1_322' title='bbox 281 3408 329 3459; x_wconf 86' lang='lat' dir='ltr'><strong>sthi</strong></span> <span class='ocrx_word' id='word_1_323' title='bbox 340 3411 410 3459; x_wconf 84' lang='lat' dir='ltr'><strong>utam</strong></span> <span class='ocrx_word' id='word_1_324' title='bbox 425 3414 516 3473; x_wconf 83' lang='lat' dir='ltr'><strong>purant</strong></span> <span class='ocrx_word' id='word_1_325' title='bbox 526 3409 559 3463; x_wconf 84' lang='lat' dir='ltr'><strong>ad</strong></span> <span class='ocrx_word' id='word_1_326' title='bbox 569 3410 686 3463; x_wconf 76' lang='lat' dir='ltr'><strong>altiorem</strong></span> <span class='ocrx_word' id='word_1_327' title='bbox 698 3410 820 3475; x_wconf 64' lang='lat' dir='ltr'><strong>nodum,</strong></span> <span class='ocrx_word' id='word_1_328' title='bbox 831 3412 1016 3475; x_wconf 78' lang='lat' dir='ltr'><strong>presbyteratus</strong></span> <span class='ocrx_word' id='word_1_329' title='bbox 1026 3416 1076 3465; x_wconf 81' lang='lat' dir='ltr'><strong>set·</strong></span> 
     </span>
     <span class='ocr_line' id='line_1_42' title="bbox 19 3476 989 3541; baseline 0.014 -19"><span class='ocrx_word' id='word_1_330' title='bbox 19 3477 89 3538; x_wconf 79' lang='lat' dir='ltr'><strong>licet,</strong></span> <span class='ocrx_word' id='word_1_331' title='bbox 110 3476 151 3527; x_wconf 84' lang='lat' dir='ltr'><strong>vel</strong></span> <span class='ocrx_word' id='word_1_332' title='bbox 171 3478 338 3541; x_wconf 77' lang='lat' dir='ltr'><strong>episcopatus.</strong></span> <span class='ocrx_word' id='word_1_333' title='bbox 986 3537 989 3541; x_wconf 82' lang='grc'><strong><em>,</em></strong></span> 
     </span>
    </p>

    <p class='ocr_par' dir='ltr' id='par_1_21' title="bbox 19 3546 1075 3747">
     <span class='ocr_line' id='line_1_43' title="bbox 45 3546 1075 3620; baseline 0.01 -25"><span class='ocrx_word' id='word_1_334' title='bbox 45 3547 116 3596; x_wconf 85' lang='grc' dir='ltr'>Τιιιιε</span> <span class='ocrx_word' id='word_1_335' title='bbox 128 3546 196 3595; x_wconf 89' lang='lat' dir='ltr'><strong>enim</strong></span> <span class='ocrx_word' id='word_1_336' title='bbox 206 3584 213 3607; x_wconf 97' lang='lat'><strong>,</strong></span> <span class='ocrx_word' id='word_1_337' title='bbox 224 3548 290 3597; x_wconf 89' lang='lat' dir='ltr'><strong>siout</strong></span> <span class='ocrx_word' id='word_1_338' title='bbox 305 3558 335 3597; x_wconf 86' lang='lat' dir='ltr'><strong>ex</strong></span> <span class='ocrx_word' id='word_1_339' title='bbox 346 3550 456 3611; x_wconf 85' lang='lat' dir='ltr'><strong>probatis</strong></span> <span class='ocrx_word' id='word_1_340' title='bbox 467 3550 616 3602; x_wconf 84' lang='lat' dir='ltr'><strong>Christianis</strong></span> <span class='ocrx_word' id='word_1_341' title='bbox 626 3550 721 3603; x_wconf 84' lang='lat' dir='ltr'><strong>debant</strong></span> <span class='ocrx_word' id='word_1_342' title='bbox 729 3552 827 3620; x_wconf 82' lang='lat' dir='ltr'><strong>diaconi</strong></span> <span class='ocrx_word' id='word_1_343' title='bbox 838 3573 845 3613; x_wconf 86' lang='lat'>;</span> <span class='ocrx_word' id='word_1_344' title='bbox 856 3549 909 3614; x_wconf 84' lang='lat' dir='ltr'><strong>sio,</strong></span> <span class='ocrx_word' id='word_1_345' title='bbox 924 3563 953 3603; x_wconf 85' lang='lat' dir='ltr'><strong>ex</strong></span> <span class='ocrx_word' id='word_1_346' title='bbox 964 3550 1075 3605; x_wconf 79' lang='lat' dir='ltr'><strong>diaconis</strong></span> 
     </span>
     <span class='ocr_line' id='line_1_44' title="bbox 19 3614 1074 3699; baseline 0.011 -37"><span class='ocrx_word' id='word_1_347' title='bbox 19 3614 77 3697; x_wconf 78' lang='lat' dir='ltr'><strong>hone</strong></span> <span class='ocrx_word' id='word_1_348' title='bbox 96 3626 142 3699; x_wconf 77' lang='lat' dir='ltr'><strong>suo</strong></span> <span class='ocrx_word' id='word_1_349' title='bbox 159 3614 240 3667; x_wconf 77' lang='lat' dir='ltr'><strong>ouius</strong></span> <span class='ocrx_word' id='word_1_350' title='bbox 255 3616 410 3680; x_wconf 78' lang='lat' dir='ltr'><strong>portunalis,</strong></span> <span class='ocrx_word' id='word_1_351' title='bbox 421 3620 515 3671; x_wconf 81' lang='lat' dir='ltr'><strong>hebent</strong></span> <span class='ocrx_word' id='word_1_352' title='bbox 525 3621 685 3678; x_wconf 80' lang='lat' dir='ltr'><strong>meerdotes,</strong></span> <span class='ocrx_word' id='word_1_353' title='bbox 700 3626 726 3671; x_wconf 91' lang='lat' dir='ltr'><strong>et</strong></span> <span class='ocrx_word' id='word_1_354' title='bbox 736 3634 767 3671; x_wconf 87' lang='lat' dir='ltr'><strong>ax</strong></span> <span class='ocrx_word' id='word_1_355' title='bbox 778 3622 880 3685; x_wconf 88' lang='lat' dir='ltr'><strong>optimis</strong></span> <span class='ocrx_word' id='word_1_356' title='bbox 889 3622 1074 3685; x_wconf 77' lang='lat' dir='ltr'><strong>sacerdotibus,</strong></span> 
     </span>
     <span class='ocr_line' id='line_1_45' title="bbox 19 3698 133 3747; baseline 0.035 -16"><span class='ocrx_word' id='word_1_357' title='bbox 19 3698 133 3747; x_wconf 75' lang='lat' dir='ltr'><strong>episcopi.</strong></span> 
     </span>
    </p>

    <p class='ocr_par' dir='ltr' id='par_1_22' title="bbox 20 3748 1077 3888">
     <span class='ocr_line' id='line_1_46' title="bbox 45 3748 1077 3823; baseline 0.012 -20"><span class='ocrx_word' id='word_1_358' title='bbox 45 3753 214 3805; x_wconf 71' lang='lat' dir='ltr'><strong>theodoretus</strong></span> <span class='ocrx_word' id='word_1_359' title='bbox 229 3748 257 3804; x_wconf 85' lang='lat' dir='ltr'><strong>ld</strong></span> <span class='ocrx_word' id='word_1_360' title='bbox 276 3752 392 3819; x_wconf 77' lang='lat' dir='ltr'><strong>inteiligit</strong></span> <span class='ocrx_word' id='word_1_361' title='bbox 404 3756 435 3808; x_wconf 87' lang='lat' dir='ltr'><strong>de</strong></span> <span class='ocrx_word' id='word_1_362' title='bbox 450 3758 657 3821; x_wconf 76' lang='lat' dir='ltr'><strong>prestantissima</strong></span> <span class='ocrx_word' id='word_1_363' title='bbox 674 3756 755 3823; x_wconf 78' lang='lat' dir='ltr'><strong>gradu</strong></span> <span class='ocrx_word' id='word_1_364' title='bbox 775 3761 804 3811; x_wconf 91' lang='lat' dir='ltr'><strong>ln</strong></span> <span class='ocrx_word' id='word_1_365' title='bbox 821 3758 875 3812; x_wconf 81' lang='lat' dir='ltr'><strong>riu</strong></span> <span class='ocrx_word' id='word_1_366' title='bbox 898 3762 991 3814; x_wconf 72' lang='lat' dir='ltr'><strong>oewrnd</strong></span> <span class='ocrx_word' id='word_1_367' title='bbox 1009 3762 1077 3815; x_wconf 81' lang='lat' dir='ltr'><strong>reel-</strong></span> 
     </span>
     <span class='ocr_line' id='line_1_47' title="bbox 20 3824 698 3888; baseline 0.012 -17"><span class='ocrx_word' id='word_1_368' title='bbox 20 3824 106 3883; x_wconf 85' lang='lat' dir='ltr'><strong>piendo</strong></span> <span class='ocrx_word' id='word_1_369' title='bbox 119 3825 134 3874; x_wconf 76' lang='lat' dir='ltr'><strong>t</strong></span> <span class='ocrx_word' id='word_1_370' title='bbox 146 3824 260 3875; x_wconf 79' lang='lat' dir='ltr'><strong>dissonis</strong></span> <span class='ocrx_word' id='word_1_371' title='bbox 278 3828 322 3888; x_wconf 83' lang='lat' dir='ltr'><strong>qul</strong></span> <span class='ocrx_word' id='word_1_372' title='bbox 340 3826 471 3881; x_wconf 86' lang='lat' dir='ltr'><strong>humiliter</strong></span> <span class='ocrx_word' id='word_1_373' title='bbox 488 3830 698 3881; x_wconf 81' lang='lat' dir='ltr'><strong>ministraverint.</strong></span> 
     </span>
    </p>
   </div>
   <div class='ocr_carea' id='block_1_11' title="bbox 47 3898 1073 3972">
    <p class='ocr_par' dir='ltr' id='par_1_23' title="bbox 47 3898 1073 3972">
     <span class='ocr_line' id='line_1_48' title="bbox 47 3898 1073 3972; baseline 0.012 -24"><span class='ocrx_word' id='word_1_374' title='bbox 47 3901 78 3948; x_wconf 83' lang='lat' dir='ltr'><strong>Et</strong></span> <span class='ocrx_word' id='word_1_375' title='bbox 95 3898 202 3951; x_wconf 75' lang='lat' dir='ltr'><strong>muham</strong></span> <span class='ocrx_word' id='word_1_376' title='bbox 221 3899 373 3963; x_wconf 74' lang='lat' dir='ltr'><strong>fidutiam...</strong></span> <span class='ocrx_word' id='word_1_377' title='bbox 389 3904 415 3951; x_wconf 88' lang='lat' dir='ltr'><strong>ot</strong></span> <span class='ocrx_word' id='word_1_378' title='bbox 430 3902 452 3952; x_wconf 89' lang='lat' dir='ltr'><strong>sl</strong></span> <span class='ocrx_word' id='word_1_379' title='bbox 471 3916 502 3954; x_wconf 83' lang='lat' dir='ltr'><strong>ox</strong></span> <span class='ocrx_word' id='word_1_380' title='bbox 515 3904 627 3955; x_wconf 83' lang='lat' dir='ltr'><strong>diaconis</strong></span> <span class='ocrx_word' id='word_1_381' title='bbox 637 3902 708 3961; x_wconf 61' lang='lat' dir='ltr'><strong>,llnnt</strong></span> <span class='ocrx_word' id='word_1_382' title='bbox 717 3902 873 3966; x_wconf 80' lang='lat' dir='ltr'><strong>sacerdotes,</strong></span> <span class='ocrx_word' id='word_1_383' title='bbox 886 3909 931 3957; x_wconf 80' lang='lat' dir='ltr'><strong>sut</strong></span> <span class='ocrx_word' id='word_1_384' title='bbox 946 3909 1073 3972; x_wconf 83' lang='lat' dir='ltr'><strong>episeopi,</strong></span> 
     </span>
    </p>
   </div>
   <div class='ocr_carea' id='block_1_12' title="bbox 21 3966 1074 4101">
    <p class='ocr_par' dir='ltr' id='par_1_24' title="bbox 21 3966 1074 4101">
     <span class='ocr_line' id='line_1_49' title="bbox 21 3966 1074 4035; baseline 0.018 -22"><span class='ocrx_word' id='word_1_385' title='bbox 21 3966 117 4019; x_wconf 83' lang='lat' dir='ltr'><strong>liherlhs</strong></span> <span class='ocrx_word' id='word_1_386' title='bbox 130 3970 155 4019; x_wconf 85' lang='lat' dir='ltr'><strong>ot</strong></span> <span class='ocrx_word' id='word_1_387' title='bbox 169 3969 265 4029; x_wconf 82' lang='lat' dir='ltr'><strong>maturo</strong></span> <span class='ocrx_word' id='word_1_388' title='bbox 280 3980 340 4021; x_wconf 90' lang='lat' dir='ltr'><strong>oum</strong></span> <span class='ocrx_word' id='word_1_389' title='bbox 354 3968 447 4023; x_wconf 80' lang='lat' dir='ltr'><strong>ilduoih</strong></span> <span class='ocrx_word' id='word_1_390' title='bbox 457 4008 466 4030; x_wconf 17' lang='lat'><strong>,¹</strong></span> <span class='ocrx_word' id='word_1_391' title='bbox 477 3973 550 4035; x_wconf 75' lang='lat' dir='ltr'><strong>Juxta</strong></span> <span class='ocrx_word' id='word_1_392' title='bbox 560 3971 654 4025; x_wconf 85' lang='lat' dir='ltr'><strong>Christi</strong></span> <span class='ocrx_word' id='word_1_393' title='bbox 663 3972 740 4025; x_wconf 82' lang='lat' dir='ltr'><strong>tidem</strong></span> <span class='ocrx_word' id='word_1_394' title='bbox 753 3975 779 4033; x_wconf 85' lang='lat' dir='ltr'><strong>et</strong></span> <span class='ocrx_word' id='word_1_395' title='bbox 791 3970 955 4028; x_wconf 76' lang='lat' dir='ltr'><strong>Etumelium</strong></span> <span class='ocrx_word' id='word_1_396' title='bbox 972 3981 1074 4032; x_wconf 64' lang='lat' dir='ltr'><strong>oswius</strong></span> 
     </span>
     <span class='ocr_line' id='line_1_50' title="bbox 23 4036 743 4101; baseline 0.019 -14"><span class='ocrx_word' id='word_1_397' title='bbox 23 4038 159 4101; x_wconf 77' lang='lat' dir='ltr'><strong>uouebant,</strong></span> <span class='ocrx_word' id='word_1_398' title='bbox 174 4036 317 4091; x_wconf 81' lang='lat' dir='ltr'><strong>monebunt</strong></span> <span class='ocrx_word' id='word_1_399' title='bbox 331 4040 358 4091; x_wconf 87' lang='lat' dir='ltr'><strong>ot</strong></span> <span class='ocrx_word' id='word_1_400' title='bbox 371 4040 505 4101; x_wconf 63' lang='lat' dir='ltr'><strong>corruent·</strong></span> <span class='ocrx_word' id='word_1_401' title='bbox 739 4036 743 4044; x_wconf 81' lang='grc'><strong>’</strong></span> 
     </span>
    </p>
   </div>
   <div class='ocr_carea' id='block_1_13' title="bbox 1087 766 1097 829">
    <p class='ocr_par' dir='ltr' id='par_1_25' title="bbox 1087 766 1097 829">
     <span class='ocr_line' id='line_1_51' title="bbox 1087 766 1097 829; baseline 0 -50"><span class='ocrx_word' id='word_1_402' title='bbox 1087 766 1097 829; x_wconf 47' lang='lat'><strong>{-</strong></span> 
     </span>
    </p>
   </div>
   <div class='ocr_carea' id='block_1_14' title="bbox 0 0 1292 4459">
    <p class='ocr_par' dir='ltr' id='par_1_26' title="bbox 0 0 1292 4459">
     <span class='ocr_line' id='line_1_52' title="bbox 0 0 1292 4459; baseline 0 0"><span class='ocrx_word' id='word_1_403' title='bbox 0 0 1292 4459; x_wconf 95' lang='lat' dir='ltr'><strong> </strong></span> 
     </span>
    </p>
   </div>
  </div>
 </body>
</html>
