2575 4459
404 234 761 341 nnnsnonm
1049 290 1122 355 ··,

36 507 118 647 n.
146 495 394 645 inum
423 494 534 640 nn
563 440 1116 640 nnnuuonuu

120 836 126 845 ·
260 802 522 932 unmnun
552 794 902 885 oleosum.

178 1048 589 1120 mansuetissimum,
608 999 723 1110 A'l'QUE
739 1039 992 1101 conuulsam.
1082 1048 1087 1055 '

397 1498 769 1601 PRAEFATIO.

46 1724 257 1835 Pinnos,
270 1754 320 1821 vir
336 1754 468 1834 nobilis,
481 1754 637 1838 Phrygius
660 1774 791 1839 genere,
806 1758 882 1825 oleis
902 1759 1116 1838 colossensis,

47 1868 135 1931 inter
147 1880 223 1930 suos
237 1861 379 1945 potentia
391 1860 519 1943 quidem
531 1865 565 1926 et
583 1864 712 1944 opibus,
726 1864 785 1929 sod
803 1863 941 1930 maxime
951 1866 1119 1930 emistiana

48 1972 114 2037 lide
125 2018 135 2051 ,
148 1969 266 2052 pietate
277 1972 312 2033 et
327 1967 480 2031 ohantate
497 1968 708 2049 oonsplouus,

89 2081 176 2142 Inter
200 2074 279 2140 alios
304 2074 441 2152 multos,
469 2090 597 2139 servum
622 2074 732 2139 hahuit
761 2074 945 2139 Onesimum
969 2075 1118 2158 nomino,

49 2185 208 2265 Phrygem
223 2194 349 2263 quoquo
367 2182 402 2245 et
413 2179 652 2261 colossensem,
667 2180 721 2261 qui
740 2180 858 2245 domini
873 2181 922 2247 sui
934 2182 1121 2263 quibusdan

52 2287 227 2369 compilatis
238 2287 356 2365 rebus,
370 2285 508 2352 Colossis
522 2289 654 2350 Romam
674 2288 853 2369 transfugit.

91 2400 180 2459 lluno
198 2392 290 2460 diuis
308 2393 440 2470 Paulus,
460 2392 494 2456 in
511 2389 668 2474 priontsus
690 2393 821 2461 vinculis
847 2396 924 2459 tuno
943 2411 1058 2477 agens,
1072 2395 1122 2459 in-

53 2502 228 2580 structum,
241 2514 448 2578 conversum,
458 2500 492 2564 et
504 2498 715 2580 baptizatum,
726 2501 870 2565 oumhao
887 2499 1123 2582 Epistolaoom-

54 2605 238 2672 mendatitia
252 2604 294 2669 ad
306 2603 537 2685 Philemonem,
548 2604 609 2669 sibi
621 2605 732 2684 Paulo,
747 2604 966 2670 charissimum
978 2605 1121 2684 remittit,

54 2730 128 2777 eum
139 2712 220 2777 mira
235 2710 397 2775 eharitatis
411 2712 480 2775 arto
490 2726 609 2790 rogans
620 2709 677 2787 ut,
692 2708 766 2774 data
778 2710 887 2791 venia,
896 2711 1078 2775 Onesimum
1089 2710 1123 2774 in

56 2817 189 2900 gratiam
210 2815 350 2897 recipiat.

96 2922 214 3005 Sosipta
231 2923 282 2986 est
302 2921 410 3001 itaque
426 2920 534 2983 Roma
559 2918 722 3000 inprimis
742 2917 891 2999 vinculis,
906 2918 1020 2985 eodem
1043 2920 1125 2985 tem·

61 3042 133 3116 pore
145 3044 211 3108 quo
227 3026 366 3108 Epistola
378 3026 418 3090 ad
432 3026 647 3090 colossenses.
662 3024 736 3089 Vide
749 3023 879 3090 Estium.

95 3138 155 3198 Per
166 3133 351 3197 Onesimum
361 3132 425 3195 lata
443 3150 494 3195 an.
509 3135 560 3194 62.
744 3156 747 3163 2

96 3238 221 3304 nulum
248 3238 395 3319 equidem
413 3235 563 3300 doctrino
593 3237 770 3301 christiane
794 3238 888 3318 caput
915 3252 957 3301 ox
983 3236 1128 3318 prolesso

61 3345 152 3410 docet
163 3343 224 3408 hae
236 3344 269 3408 in
287 3342 424 3424 Epistola
439 3346 567 3406 sanctus
580 3343 769 3425 Apostolus,

98 3449 158 3515 sed
171 3446 351 3513 mirandum
369 3446 424 3511 dat
436 3447 583 3512 omnibus
597 3448 780 3513 christianis
798 3446 979 3527 exemplum
991 3447 1130 3511 charita-

60 3557 122 3621 tis:
136 3555 164 3620 si
186 3554 273 3619 enim
285 3552 491 3634 mancipium,
506 3553 534 3616 si
547 3554 733 3635 fugitivum,
748 3554 775 3618 si
788 3554 910 3631 iurem,
924 3554 1013 3617 tanta
1024 3553 1127 3617 ohan-

60 3664 124 3725 tata
136 3664 325 3741 prosecutus
337 3662 389 3723 est
401 3658 546 3723 Gentium
562 3658 674 3724 doctor
689 3661 721 3723 et
733 3658 903 3739 Apostolus
915 3682 925 3739 3
939 3658 1009 3739 quis
1022 3648 1128 3725 Chris

62 3768 163 3831 tianus
180 3766 343 3832 olannus
358 3765 460 3831 ollieia
482 3764 621 3846 negligat
641 3782 718 3848 erga
734 3763 926 3847 quemlibet,
940 3764 1001 3832 etsi
1017 3766 1133 3834 coodi-

63 3873 148 3939 tioae
163 3872 353 3939 simonibus
370 3865 567 3940 vilissimum.
