2575 4459
275 276 446 335 'ruinas
463 280 683 341 arrosirio.
700 284 784 341 CAP.
801 286 853 342 VI.
1042 286 1097 343 {1¹1

47 378 84 430 6.
100 378 265 433 Balaam
277 382 402 443 querius
413 392 476 431 ma·
529 377 623 428 Revera
640 393 748 441 magam
764 384 875 444 quastus
889 384 928 433 ast
941 380 1035 446 piatas,
1051 382 1096 434 aul

16 467 113 517 guuS,
125 452 292 519 pletasuum
301 452 473 507 sufficieutia.
499 451 638 498 necessaria
651 449 789 500 sufficiunt.

46 532 67 578 'l
73 566 82 581 .
101 528 183 581 rlihil
204 529 279 581 enlm
289 528 435 582 intulimus
445 530 475 581 in
529 538 598 589 Sicut
609 542 678 592 enlm
689 542 716 589 ln
726 540 796 591 hune
809 542 935 592 mundum
948 540 1014 592 nihil
1024 544 1096 593 tntu·

16 616 104 656 runc
129 602 272 658 muudum
294 621 301 659 r
322 605 398 659 haud
423 606 475 659 du·
497 606 632 669 limua‚ita
644 606 815 671 proculdubio
826 608 1039 661 nihilexmualr
1047 620 1095 661 au·

16 688 104 733 ilum
118 682 205 749 quud
217 694 272 737 usu
284 681 397 739 aphrae
406 683 475 752 quiri
496 676 621 727 feremus.»
786 693 789 698 ’

20 768 193 812 )088Πωυ80

16 963 151 1012 urdinant
160 961 194 1012 acl
205 963 329 1025 questum
340 964 365 1011 ei
375 961 582 1023 acquisitionem,
594 964 647 1013 sire
659 961 819 1024 dlrltlarum,
830 966 883 1014 slve
895 963 1094 1027 plurimumque

16 1038 170 1095 pietatem,
186 1034 258 1095 quasi
270 1045 325 1082 rem
340 1032 496 1083 fructuosam
509 1032 666 1094 excolentes,
681 1035 804 1099 quidquid
818 1035 908 1085 mount
917 1037 943 1085 et
952 1034 1049 1085 feriunt
1060 1032 1094 1085 ad

16 1116 104 1152 suam
116 1100 236 1152 referunt
248 1098 398 1151 utilitatem!

48 1184 169 1236 Abscede
182 1183 217 1234 ab
233 1182 380 1246 hujusmodi
389 1204 400 1235 .·
408 1182 463 1235 hmo
473 1184 549 1237 verba
562 1182 738 1235 addltGracus
748 1182 895 1235 hodiernus.

49 1254 185 1305 Slmlllter
196 1257 222 1303 et
231 1255 330 1316 syriaca
340 1256 421 1305 versio
433 1271 441 1303 a
452 1257 483 1303 tu
493 1253 553 1303 verli
563 1253 653 1316 procul
667 1253 724 1315 fuge
734 1254 767 1305 ah
777 1255 818 1304 ils.

48 1327 117 1375 llaee
125 1324 217 1373 eedem
225 1321 301 1373 verba
310 1327 439 1385 exponunt
446 1323 475 1373 li.
484 1322 686 1385 chrysostomus.
696 1321 874 1387 Theodoram,
883 1321 1092 1389 'theophylactum

49 1395 140 1443 llahet
152 1395 230 1441 ailam
241 1391 387 1441 Ambrosius
401 1410 408 1440 r
421 1389 520 1441 diseede
533 1390 565 1440 ab
576 1390 731 1451 hujusmodl.

53 1466 128 1514 lliuu
140 1463 246 1525 apparet
259 1464 385 1511 uetustam
399 1472 451 1511 esse
464 1460 531 1511 haur
543 1459 708 1509 additionem.

54 1558 83 1603 6.
99 1556 147 1603 Eat
162 1560 247 1603 autem
266 1559 373 1616 quartus
388 1566 525 1616 meppea...
541 1553 585 1605 Gr.
601 1556 639 1603 est
656 1556 743 1605 autern
761 1557 871 1617 questus
887 1568 992 1618 magnus
1012 1558 1094 1620 pletas

18 1636 89 1671 curn
101 1634 156 1672 sum
164 1625 239 1673 sortis
247 1622 402 1686 probatione.
412 1623 486 1674 trah.
502 1624 584 1674 aerato
597 1642 604 1674 a
616 1623 684 1674 huua
694 1622 754 1675 rere
768 1627 861 1688 pietas,
872 1638 933 1676 eum
948 1627 1036 1678 aalma
1045 1626 1092 1680 aua

19 1698 97 1742 sorte
111 1696 247 1753 contentu,
257 1695 367 1754 quaestus
379 1695 417 1742 eet
435 1695 571 1744 maximus.

56 1768 106 1816 llst
119 1767 223 1829 quidem
234 1771 343 1829 quastus
351 1770 446 1829 pletas,
460 1767 504 1817 aad
516 1766 685 1820 excellentiori
698 1770 790 1831 merla,
800 1771 837 1821 alt
846 1770 873 1823 S.
889 1770 1090 1834 Chrysesmmus.

55 1843 117 1891 Nun
132 1845 244 1903 qualus
253 1840 400 1892 divitiarum
419 1845 598 1901 externarum,
613 1844 652 1892 ait
667 1842 698 1893 lt.
718 1844 843 1905 'lhumaa3
857 1845 903 1894 sed
919 1845 1020 1895 illarum
1036 1857 1093 1907 qum

22 1913 95 1960 dunt
112 1910 305 1972 sufficientiam,
323 1922 368 1961 seu
388 1912 500 1973 quartur
520 1910 672 1961 diuitiarum
688 1912 859 1975 spiritualium
874 1916 901 1963 et
915 1913 1090 1975 mutuarum,

23 1984 145 2044 quaestus
158 1982 257 2043 gratim,
268 1984 317 2031 ete.
917 1978 922 1987 '

57 2050 218 2100 Sufficleutla
225 2054 263 2101 est
273 2062 370 2113 magau
380 2050 530 2113 stabilesque
540 2061 608 2113 apes.
618 2049 831 2112 Theuphylaetua.

56 2120 156 2167 Sensus
170 2131 228 2180 ergo
238 2118 353 2169 litteralis
367 2122 422 2179 est,
433 2117 501 2181 quud
516 2120 596 2180 pletas
612 2119 762 2179 aliquidem
779 2120 889 2178 quastus
908 2128 1028 2180 maguus,
1039 2131 1091 2169 nun

25 2203 58 2238 eo
79 2200 157 2237 sensu
174 2199 224 2249 quo
237 2188 391 2241 arbitrantur
409 2186 537 2247 haaretlul,
554 2199 599 2236 seu
618 2186 652 2236 ad
671 2186 771 2237 divitias
788 2186 983 2247 eompamudasr
1002 2187 1046 2237 seri
1063 2189 1091 2237 lu

27 2258 116 2319 seipsa
128 2260 238 2317 quastus
248 2260 285 2307 est
298 2258 393 2318 pietas,
409 2267 565 2318 magnusque
576 2254 725 2316 thesaurus,
744 2255 766 2304 sl
781 2254 937 2305 sufficieutia
955 2257 1092 2316 coniuncta

27 2331 64 2377 sit
71 2364 78 2384 ,
85 2338 131 2374 seu
142 2326 256 2375 slaulmo
265 2323 313 2375 sibl
325 2324 472 2386 sufficienti,
481 2324 569 2386 paucis
581 2326 606 2372 el
616 2324 764 2373 neeesaerlls
774 2327 894 2373 contentu
904 2327 937 2375 sit
945 2327 1090 2385 conjuuria.

64 2395 139 2444 llana
153 2396 238 2445 autera
248 2392 440 2452 sufficientiam,
451 2392 570 2452 huncque
581 2393 698 2441 animum
709 2394 857 2442 necessariis
867 2397 1014 2445 araunium
1024 2396 1091 2458 parit

28 2478 94 2517 uera
104 2464 198 2527 pietas,
213 2464 278 2513 sieut
290 2462 376 2513 revera
389 2461 486 2524 peperit
496 2462 523 2511 iu
534 2458 611 2510 Paulo
621 2460 735 2523 alluente,
744 2461 810 2513 Phil.
821 2465 846 2513 a.
894 2510 899 2521 ,

63 2551 127 2609 Epo·
136 2545 213 2596 Miri
230 2545 259 2595 a'a
271 2543 364 2608 pallam
377 2557 434 2593 rum
449 2543 575 2606 mstteieas
589 2556 668 2593 esre...
679 2543 783 2606 llagnus
798 2547 882 2609 ltaque
893 2549 1020 2609 quastus,
1033 2560 1090 2598 ma-

30 2627 149 2677 gnusque
165 2614 299 2663 thesaurus
314 2624 375 2662 vera
387 2614 484 2675 pletas,
497 2624 553 2674 quaa
567 2610 648 2661 Deum
664 2612 724 2674 (lai,
737 2615 783 2675 qui
800 2619 839 2664 eet
859 2617 913 2678 lpsa
932 2615 1091 2667 sufficieutia.

31 2687 138 2737 saddai
151 2704 160 2735 .·
172 2684 226 2747 ipsa
237 2680 405 2745 aesfieiutta'e,
422 2682 480 2743 quia
497 2680 593 2732 suillaet
608 2694 682 2731 omae
699 2682 800 2733 herum.

67 2760 134 2808 Deus
141 2756 313 2821 magnellieue
325 2755 404 2805 huual
413 2754 546 2805 thesaurus
556 2757 642 2805 meust
652 2755 801 2807 sufficientia
811 2760 885 2808 meai
895 2769 971 2807 omne
978 2758 1088 2809 hunum!

32 2844 79 2949 501·
92 2839 176 2932 meum
183 2824 251 2891 reple
261 2825 306 2877 tul
316 2826 408 2891 pietate
413 2844 422 2888 3
430 2825 515 2875 omnia
526 2824 644 2889 perdam,
655 2824 793 2877 dummodo
800 2829 827 2877 te
837 2827 897 2878 vert
907 2828 1000 2889 pietate
1008 2829 1090 2890 puael-

52 2913 111 2949 eain
121 2934 128 2948 .

70 2982 137 3039 Quid
150 2980 214 3033 milia·
225 2986 260 3033 eat
272 2979 388 3039 iasub,
399 2977 449 3029 etti
460 2983 483 3028 te
498 2978 561 3041 ratri
573 2978 851 3045 auiuemprrtmearr
863 2979 930 3029 licea
944 2974 1027 3029 aarum
1040 2978 1090 3029 atei

35 3056 66 3103 tu
77 3064 117 3112 es,
128 3056 151 3099 el
166 3054 215 3101 urla
227 3064 289 3114 pare
301 3064 373 3110 meu,
385 3049 504 3107 umisa
518 3054 646 3100 emaum.
1179 3063 1181 3065 ’

67 3152 93 3197 7.
107 3144 174 3197 Nihil
188 3146 254 3196 raim
270 3144 432 3197 intulimus...

67 3216 115 3265 liat
124 3216 243 3265 tatonem
255 3217 280 3263 et
292 3213 324 3263 ob
334 3225 411 3276 quam
421 3211 519 3263 inutilis
534 3214 572 3263 est
583 3222 718 3261 avarorum
731 3196 839 3275 'querius
850 3248 858 3273 ,
869 3212 936 3263 eloh
948 3224 1025 3275 quam
1042 3211 1089 3262 de·
1196 3200 1205 3207 ’

37 3286 115 3335 beant
124 3283 262 3333 necessaria
277 3280 404 3343 suthuere,
418 3284 620 3344 sitquequoertur
633 3293 741 3342 mupaar
753 3282 832 3343 pietur
852 3294 908 3331 cam
922 3280 1089 3345 sufficieutia,-

69 3352 131 3412 Quia
142 3353 205 3401 sicut
213 3353 240 3400 ln
249 3351 314 3401 lauare
324 3352 445 3400 muudum
452 3350 519 3400 nihil
529 3348 674 3409 intulimus,
683 3351 718 3398 lta
729 3350 794 3399 nlhll
803 3363 833 3399 ex
844 3350 939 3400 mundo
947 3350 1088 3400 efferemus.

68 3420 137 3470 Nuda
149 3424 238 3470 natura
251 3423 335 3470 nostra
348 3419 458 3483 prodiit,
469 3418 539 3469 nuda
550 3417 662 3469 dissidet
669 3438 678 3481 3
688 3429 746 3482 ergu
758 3420 892 3484 superfluis
902 3432 965 3487 opus
977 3430 1030 3473 uuir
1043 3416 1090 3471 liti·

39 3493 137 3542 bemus.
147 3488 387 3553 litlhrysustomus.
644 3496 648 3503 '

70 3562 132 3621 Ergo
144 3559 239 3609 inutilis
250 3572 385 3609 avarorum
395 3562 514 3622 quastus.

71 3630 132 3689 Ergo
144 3627 193 3677 sula
204 3628 353 3677 eusslclentla
363 3628 509 3689 querenda.

71 3697 121 3747 lire
131 3696 192 3745 sarit
203 3698 293 3757 rogitet
304 3696 406 3746 muralis
417 3696 494 3746 humo
505 3731 511 3756 ‚
524 3696 550 3744 et
566 3696 667 3743 terrena
680 3693 807 3757 despiciet.

39 3808 43 3816 .
72 3763 330 3814 Atumulutumulum
345 3768 418 3825 peto,
432 3766 468 3813 alt
483 3763 511 3813 li.
522 3762 596 3824 areg.
610 3762 668 3811 lira.

73 3834 185 3951 lhedumro
196 3835 297 3896 matria,
307 3833 375 3885 uude
387 3832 472 3884 nutias
483 3844 597 3917 germem
606 3843 683 3892 sum,
696 3832 724 3881 iu
734 3832 836 3882 aterum
846 3833 933 3893 terra,
943 3830 994 3893 qui
1003 3833 1088 3885 uulua

44 3906 70 3955 ln
87 3917 97 3951 r
127 3904 168 3951 iar.

72 3916 111 4023 gel
119 3969 177 4033 quil
187 3980 246 4033 argu
256 3969 357 4041 pluritas
367 3978 473 4033 reagere
482 3970 495 4018 i
505 3968 560 4019 heri
574 3980 626 4018 raon
636 3968 774 4029 haheham.
789 3977 846 4020 eras
859 3979 911 4021 nea
921 3969 1026 4021 habeba.
