2575 4459
272 264 444 323 tumtun
461 268 685 335 EXPOSHIO.
701 271 790 329 tm.
809 268 897 331 viii:
1057 274 1117 334 Ν

38 288 174 423 kunnum
192 360 232 413 ort
250 363 337 415 nostro
355 362 399 413 hio
414 362 580 420 militantium
598 379 629 419 oo
652 368 680 419 tn
694 366 764 423 uelis
780 364 996 435 triumphantium
1011 346 1114 436 roitstop

37 424 106 487 them
122 428 205 481 nohis
220 430 305 493 heus,
320 431 388 486 idom
401 434 532 497 sororios,
544 434 632 490 nutum
645 438 760 503 niotimo.

36 511 55 555 1·
61 502 191 555 Christus
206 505 371 568 postmontis
387 510 427 559 sut
442 511 614 562 ministerium
627 514 725 561 exornet
742 513 858 563 interris
872 516 900 565 et
918 514 947 563 tn
965 511 1035 565 uelis
1043 532 1052 574 ς
1069 512 1114 564 hio

34 582 114 697 bprpter
132 572 245 695 affugit
229 577 394 640 semetipsum
405 575 488 639 nuent,
500 579 566 628 siout
576 579 609 628 orl
624 577 752 630 dexterum
762 579 898 643 narsum
909 589 1017 645 opponet
1029 580 1115 634 unitus·

53 656 80 691 er
97 656 153 705 pro
246 677 258 695 ..

34 722 46 753 ¹·
63 716 173 772 nouom
184 720 270 781 imque
281 720 370 784 religio
386 723 472 771 nostro
485 724 511 771 ot
528 721 678 785 hestorum
695 723 783 777 eodem
794 728 832 778 ost
842 724 955 777 Eoeiestu
965 724 1080 777 militaus
1088 727 1115 777 ot

33 778 226 850 triumphans,
238 802 300 844 oum
316 790 368 841 hoo
382 790 548 852 dunimius,
565 792 634 854 ouon
651 804 699 843 uos
709 794 820 843 virtores
837 796 919 845 simus
933 796 1006 858 nursi
1021 795 1113 858 puori,

32 858 148 919 tyrones
159 862 186 908 et
194 862 301 921 noritii;
315 860 538 923 comprehensores
553 862 613 912 voro
626 863 679 913 sint
689 862 810 925 perieotl',
823 864 941 925 professi,
954 868 1004 914 eto.
1137 863 1140 867 ’

64 926 99 975 ln
110 924 188 977 enus
197 939 258 979 roro
269 932 295 978 st
309 928 421 992 periente
436 932 566 981 exornetur
576 930 680 992 roitssim
690 933 721 985 tu
732 933 808 983 torris
820 944 881 983 vers
895 932 1014 996 quinon,
1025 935 1053 985 nt
1062 934 1114 986 im·

30 996 154 1061 perioota
167 999 193 1047 et
204 1000 276 1060 quusi
291 1000 448 1061 tyrocinium
462 1010 527 1049 rerae
543 998 680 1062 religionis.

64 1065 138 1126 Quid
151 1078 211 1129 orgo
222 1067 296 1117 nobis
307 1068 441 1130 tyronibus
453 1066 609 1129 tuntoudum,
616 1074 646 1121 ut
655 1069 803 1131 religionum
813 1071 922 1134 portenti
930 1074 1113 1131 exeruerimus?

65 1136 133 1185 Fido
149 1140 177 1187 ot
187 1136 311 1187 ohnritute
322 1135 449 1199 frequenti
459 1174 467 1198 ,
478 1142 503 1188 et
514 1140 536 1187 si
554 1138 608 1188 tiort
622 1143 717 1203 potest,
731 1138 869 1201 continui,
880 1141 995 1203 christo,
1014 1143 1112 1204 totique

31 1204 163 1324 iligeiestae
169 1206 350 1323 inflamma
361 1209 496 1269 uniemur3
508 1211 538 1260 ut
552 1209 579 1259 tu
591 1207 652 1270 llio.
666 1221 727 1267 ounr
740 1209 798 1270 tito,
810 1213 836 1261 ot
849 1222 895 1274 per
909 1210 983 1260 iilum
1003 1210 1111 1275 perfeeto

73 1288 120 1325 um
136 1288 168 1328 oo
193 1288 261 1325 mus.

67 1343 192 1395 Eooimin
201 1345 371 1409 triumphanti
385 1348 421 1396 rio
440 1347 507 1397 nntti
518 1382 526 1406 ‚
537 1345 675 1398 otiorornos
685 1347 735 1399 tiso
747 1360 836 1404 omnes
847 1346 1035 1412 pontentissime
1041 1346 1111 1407 ,neii-

35 1415 125 1476 gtonis
137 1416 229 1475 sutus,
242 1426 306 1476 qnos
316 1414 359 1465 111ιι
375 1416 403 1465 tn
419 1413 533 1475 christo,
545 1428 605 1468 nuru
613 1414 727 1478 Christo,
739 1422 765 1469 ot
775 1430 820 1480 por
830 1416 960 1469 Christum
973 1410 1072 1470 exornet
1086 1420 1112 1467 ot

36 1482 171 1533 oneroohit
185 1484 214 1533 in
230 1487 354 1535 eternum
363 1502 373 1545 p
382 1482 534 1543 odoremus,
545 1482 696 1546 trudemus,
711 1487 805 1547 protus
822 1498 942 1547 opimus,
953 1488 1003 1537 eto.
1016 1484 1110 1539 Saltum

36 1552 72 1601 nd
86 1563 179 1605 omnes
188 1554 281 1615 notus,
296 1551 389 1615 quihus
405 1551 492 1602 Deum·
504 1551 607 1615 nolunt,
618 1554 825 1617 respondeamus.
835 1555 925 1607 Amen.

70 1648 223 1699 Turrim-
235 1646 273 1705 Ex
287 1660 315 1698 n.
334 1651 365 1711 u,
386 1648 467 1702 omnir
482 1647 596 1713 porriitur
614 1650 650 1701 ort
667 1651 838 1713 otrentum,
854 1648 1025 1707 etetltdioisti
1041 1648 1110 1712 quod

38 1716 160 1767 Christus
170 1716 282 1781 pontitox
297 1721 398 1779 nostor,
416 1720 480 1768 ot-in
494 1716 564 1769 omhs
576 1721 603 1769 ot
619 1721 752 1781 interris,
770 1721 821 1771 uso
840 1722 1004 1783 semetipsum
1015 1723 1109 1782 tugimr

39 1786 311 1849 otiert3hu1usnuno
326 1785 461 1839 obluttoms
476 1790 604 1839 oontiuun
619 1788 690 1840 disee
709 1792 852 1851 rationum,
868 1793 898 1841 ut
914 1790 975 1840 hino
996 1789 1074 1840 nonen

37 1856 141 1919 proxim
152 1856 211 1906 vere
229 1855 405 1909 christianam.
1026 1889 1030 1895 ·

72 1924 145 1975 Nihil
154 1938 271 1989 unquam
282 1925 362 1976 noun
374 1926 445 1989 nequo
457 1926 605 1989 glorifieavit
615 1941 647 1978 no
657 1927 811 1979 monitorum
824 1930 918 1979 oruois.

73 1997 156 2057 Holus
171 1996 288 2047 mortuui
299 1996 416 2047 suoerdos
425 2034 433 2058 ,
442 1997 558 2049 (lhristus
570 1997 637 2049 heus
652 1997 751 2058 Homo;
764 1997 843 2059 hujus
861 1996 975 2059 etusuem
992 1995 1109 2048 mortuui

39 2068 146 2117 victime
157 2103 164 2128 ,
177 2066 245 2116 idem
259 2066 374 2117 Christus
384 2066 465 2116 Homo
477 2068 558 2127 Deur,
569 2065 636 2116 Dono
644 2068 748 2116 riotimn
758 2068 791 2127 ,i
804 2066 854 2115 heo
865 2065 1009 2125 sacerdote,
1021 2065 1053 2114 sd
1063 2065 1109 2114 hei

41 2136 151 2197 glorium
163 2133 327 2197 immolatum
345 2148 403 2186 eone
414 2136 567 2187 ssorttioium
578 2135 684 2186 omuino
695 2134 830 2194 divinum,
846 2134 896 2183 lieo
909 2133 968 2184 reri
985 2134 1107 2196 dignum,

43 2207 126 2255 Deum
143 2205 256 2267 innuite,
267 2209 292 2256 et
303 2205 427 2267 quionthm
438 2205 494 2256 flori
509 2208 606 2268 potest,
618 2204 769 2267 gioritimus.

74 2276 108 2325 iit
119 2274 187 2325 huno
203 2274 309 2338 glorium
326 2275 377 2325 Deo
389 2274 507 2337 iignum,
519 2274 569 2324 Deo
582 2276 816 2338 proportionatum,
828 2273 943 2324 Christus
957 2273 1025 2323 Petri
1045 2284 1108 2333 suo,

43 2358 97 2395 non
110 2345 187 2395 mmet
197 2345 298 2397 tontum
310 2349 336 2395 ot
346 2346 420 2407 quusi
437 2344 583 2396 hauritorio
593 2344 695 2406 rodum,
707 2343 751 2394 sod
766 2340 958 2408 permanenter.
970 2340 1107 2404 eominus,

44 2419 71 2466 et
83 2416 188 2479 ubique3
199 2416 260 2479 quid
278 2415 362 2467 foniti

78 2491 130 2541 iioo
141 2504 194 2542 sno
204 2492 293 2543 mortio
310 2490 467 2541 moritioium
480 2491 509 2541 in
524 2491 597 2541 omni
608 2493 736 2543 terrorum
746 2490 816 2551 iooo,
829 2492 899 2541 omni
914 2490 1035 2552 temporis
1051 2500 1108 2538 mo-

47 2564 150 2621 mento,
165 2572 210 2623 per
225 2563 409 2612 senoussimnm
421 2559 623 2621 Eucharistinm,
635 2564 741 2611 renovat
751 2562 779 2610 tu
791 2560 880 2619 terris;
900 2559 950 2609 hoo
968 2559 1036 2608 idem
1055 2568 1108 2608 suoi

44 2631 134 2679 mortis
154 2629 306 2680 soortflotum
316 2631 411 2692 iugiter
429 2628 528 2679 exhibet
544 2632 569 2677 et
589 2632 756 2687 representet
774 2630 803 2678 in
814 2628 902 2689 nuens,
918 2640 977 2678 oum
995 2628 1107 2689 vestigiis

44 2698 180 2748 vulnerum
192 2709 297 2748 suorum
307 2736 314 2759 ‚
326 2711 453 2762 opponens
462 2697 547 2747 opust
557 2698 604 2747 Der·
613 2710 661 2759 pro
674 2698 755 2747 nohis.

77 2768 156 2818 heum
174 2778 232 2829 ergo
249 2767 361 2830 ponttter
382 2770 481 2824 nostor,
497 2768 542 2827 qut
563 2769 588 2815 et
603 2767 670 2816 honr
683 2770 738 2826 est,
760 2764 896 2829 suiipsius
914 2763 1040 2813 obinttono
1063 2765 1106 2813 in-

48 2836 165 2897 cruenti,
180 2840 206 2885 ot
216 2839 287 2898 quusi
299 2835 418 2897 cruenti,
432 2833 523 2897 utgni,
536 2833 656 2897 infinite,
674 2838 700 2886 et
712 2834 838 2897 qnantum
849 2832 967 2897 posothtlo
985 2835 1038 2893 est,
1051 2831 1108 2895 gio-

47 2906 137 2957 ritiont.

75 2974 109 3025 Et
121 2974 191 3027 huno
200 2976 262 3039 puto
277 2975 434 3038 precipuum
447 2973 630 3024 inoernutionts
641 2972 776 3023 domiuioae
789 2971 877 3022 tinem.

78 3071 169 3121 Pnrxrs
183 3072 250 3121 runis
265 3081 471 3120 emersurum-
486 3068 534 3119 Sed
549 3067 605 3119 haeo
624 3068 745 3119 continuo
767 3066 861 3117 Christi
881 3063 1007 3129 pontitiois
1026 3064 1106 3117 nostri

46 3142 128 3207 pruris
145 3140 206 3202 qnid
220 3152 266 3190 nos
278 3139 433 3189 Christianos
445 3138 538 3188 doreti

77 3209 174 3260 Proxim
186 3208 245 3259 uero
259 3209 441 3268 ohristinnnm,
460 3210 485 3256 ot
504 3218 561 3270 qum
579 3206 701 3256 contiuuo
718 3204 811 3255 Christi
828 3207 912 3268 pruris
932 3209 986 3266 est;
1001 3204 1106 3257 modum

48 3279 141 3331 soilioot
157 3278 237 3329 Deum
256 3277 348 3341 digne,
363 3276 477 3334 infiniti.
495 3277 524 3326 in
542 3275 658 3337 Christo,
677 3288 738 3326 oum
753 3275 851 3326 Christo
871 3279 897 3326 ot
915 3288 959 3339 por
977 3274 1107 3326 Christum

64 3348 209 3399 loritionndi.

48 3362 63 3413 g
79 3417 116 3467 Ati
125 3416 194 3467 huno
205 3415 283 3467 tinem
299 3414 415 3476 christo,
431 3413 544 3479 pontifici
557 3417 644 3464 nostro
653 3450 662 3475 ,
672 3412 723 3463 tide
735 3417 762 3463 et
775 3413 897 3463 charitate
908 3414 997 3474 unire,
1010 3413 1062 3462 sive
1078 3413 1106 3465 lu
1138 3420 1142 3429 ’

49 3486 116 3541 uoeiis
137 3489 196 3537 nnio
212 3487 335 3537 thronum
355 3486 416 3545 hei,
440 3488 562 3545 tunquam
579 3486 663 3533 occiso
683 3496 729 3545 pro
747 3483 820 3532 nobis
839 3484 1057 3545 apparent15sive
1078 3482 1106 3532 in

50 3558 203 3610 sanctissima
223 3556 382 3607 Eucharistin
407 3566 459 3604 sune
479 3554 603 3616 passionis
625 3552 779 3603 sacrificinm
800 3553 951 3615 mysticent
973 3552 1108 3603 incruento

51 3626 221 3686 contionanti,
239 3630 264 3676 ot
281 3626 318 3676 sio
338 3624 438 3675 Christo
453 3621 566 3685 pontiflci
580 3627 667 3671 nostro
685 3622 774 3670 unitus
786 3656 793 3682 ‚
805 3621 868 3670 otior
887 3621 937 3670 Deo
950 3622 1017 3683 qnod
1034 3622 1108 3672 otiert

51 3707 160 3746 summus
171 3693 213 3743 ilio
225 3694 269 3744 liet
290 3693 421 3756 pontiiexr
435 3696 461 3741 et
471 3693 507 3742 sio
522 3692 549 3740 in
558 3688 620 3751 illo,
635 3701 696 3740 oum
714 3688 775 3751 iiio,
786 3694 813 3739 et
831 3701 876 3753 por
889 3689 981 3752 ilium,
995 3690 1070 3755 digni
1082 3694 1108 3743 et

52 3764 145 3815 tntimti
154 3762 235 3813 linum
245 3761 405 3825 piorrnnnois.

82 3834 107 3883 Si
116 3833 213 3883 Christo
226 3835 286 3884 onte
303 3832 426 3883 thronum
440 3830 484 3881 hui
496 3840 542 3894 pro
552 3828 626 3881 nohis
641 3826 814 3892 interpellanti
825 3829 937 3893 nmorh,
947 3840 992 3895 per
1004 3832 1106 3897 ipsum,

54 3906 79 3958 ot
89 3917 144 3955 oum
156 3905 210 3967 ipso
226 3902 371 3967 interpella,
382 3915 443 3963 oro,
457 3908 508 3952 eto.
1103 3898 1106 3901 ’

85 3972 171 4027 tinnio
186 3971 314 4038 roligionis
326 3972 408 4025 onnia
418 3974 446 4025 iu
456 3970 500 4023 iiio
512 3972 537 4025 ot
547 3981 608 4025 oum
624 3965 669 4021 iiio
683 3964 806 4036 pomoire.
