2575 4459
179 322 235 379 150
352 320 539 377 SECUNDAE
557 318 764 375 EPISTOLAE
781 320 835 375 ab
850 320 1088 374 britonium!

176 417 303 472 ritualiter
313 418 338 469 et
347 430 391 483 per
400 416 556 483 baptismum
567 414 591 481 l,
603 420 628 467 et
639 428 724 467 errore
733 428 780 469 suo
802 432 867 471 nem
879 432 943 472 esse
949 416 1010 485 iarn
1020 416 1145 481 iactam,
1159 421 1187 469 et
1198 416 1253 467 sub·

182 489 345 554 {uorumdam
362 488 438 539 fldem
453 490 640 539 subverterunt.
802 502 944 551 ymerum
953 496 1155 565 qfflmmdam
1169 496 1251 547 fldem,

209 579 258 628 Sed
267 578 326 628 rere
337 578 439 641 fideles,
449 580 492 642 qul
506 583 566 629 sunt
584 576 781 628 tundamentum
836 578 881 629 te.
890 575 944 629 Sed
957 574 1074 627 firmum
1089 571 1253 627 fundamen-

179 644 270 695 domis
293 644 354 707 bct,
380 650 448 697 stant
467 646 535 697 tirmi
557 650 582 695 et
601 647 717 707 immoti,
733 646 781 695 ba·
802 658 861 705 rum
872 652 922 705 bei
942 657 1011 716 spat,
1027 652 1148 705 habens
1169 651 1252 717 signa.

179 710 267 765 bentes
287 713 333 764 has
355 716 383 765 ln
402 716 489 766 animo
507 712 627 777 sigillatas
641 715 780 764 sententias
802 730 896 785 mlum
912 730 969 783 hoc
983 747 991 783 :
1005 730 1155 798 cognovit
1166 729 1252 781 pomp.

180 889 301 941 dicuntur
308 889 527 941 deresurrcetloue
539 892 566 939 ln
576 889 722 951 Scriptura,
731 887 917 940 referendaalnt
925 886 959 936 ad
966 889 1194 937 resurrectionem
1204 888 1252 933 ani-

179 972 281 1013 marum
290 996 297 1019 ‚
307 972 363 1021 qua
372 963 426 1021 lam
440 960 505 1011 iacta
518 966 556 1009 est
567 973 611 1023 per
624 959 782 1022 baptismum
799 963 825 1007 et
837 958 1026 1007 sententiam
1040 958 1083 1007 lta
1095 958 1127 1007 b.
1140 958 1249 1007 nonas

209 1031 336 1093 degebant
348 1032 431 1091 itaque
443 1042 578 1092 corporum
594 1031 805 1080 resurrectionem
816 1063 824 1090 ,
836 1026 881 1077 sed
895 1028 1036 1089 mysticam
1055 1031 1086 1076 et
1097 1026 1250 1091 spiritualim

181 1102 324 1150 animarum
344 1102 553 1149 resurrectionem
575 1098 761 1151 admittebant.
778 1097 822 1147 hie
837 1110 883 1161 per
904 1097 1068 1161 baptismum
1090 1101 1118 1147 et
1132 1098 1252 1146 Poeniteu·

181 1170 257 1230 tiam;
270 1173 295 1219 et
306 1171 332 1219 ln
350 1168 452 1229 tuturo,
465 1181 509 1230 per
520 1166 635 1229 gloriam.

166 1260 169 1269 ι
210 1238 261 1287 llos
272 1234 376 1287 Tertull.
387 1236 431 1284 llb.
446 1235 476 1284 da
488 1236 681 1286 Resurrectione
693 1234 779 1285 earnis
787 1270 794 1295 ,
803 1234 898 1284 eltutus
910 1232 964 1283 Η).
976 1232 1119 1284 hmelotte.

210 1314 243 1365 st
254 1313 427 1362 subverterunt
442 1310 612 1372 ouowmdom
629 1308 714 1370 tidem.

209 1380 367 1432 Resurrectio
382 1384 542 1431 mortuorum
559 1376 618 1427 tldei
630 1376 888 1437 tundamentumest3
897 1374 948 1426 boc
967 1386 1078 1438 everso,
1092 1380 1151 1428 ruit
1162 1381 1189 1427 et
1198 1377 1251 1427 sub

180 1455 287 1503 vertitur
300 1451 370 1501 tides.

213 1544 251 1589 ib.
267 1538 315 1588 Sed
330 1538 434 1599 firmum
445 1535 634 1598 insumentum
648 1531 696 1583 Dei
709 1537 789 1584 stet...

211 1606 382 1669 Quorumdam
395 1604 446 1653 dlxi
454 1640 461 1665 ,
469 1616 521 1652 non
532 1606 650 1653 omnium
658 1614 669 1652 t
676 1614 725 1653 nec
732 1603 818 1652 timeri
827 1602 901 1653 debet
913 1604 947 1653 rie
956 1601 1147 1655 subvertantur
1158 1619 1249 1655 omncs

181 1672 514 1799 ssdigafflnrlcrgttliffizhoul
524 1677 585 1724 sunt
597 1672 689 1724 domds
703 1672 748 1723 liei
768 1671 978 1733 fundamentum,
990 1677 1061 1723 stant
1074 1679 1101 1723 et
1112 1677 1218 1725 stabunt
1228 1679 1249 1724 iu

211 1830 369 1879 Oassnvrrro
387 1838 545 1877 urrrsraurs.
558 1852 591 1865 -
601 1826 634 1878 itt
646 1826 689 1877 bis
700 1828 730 1877 bs
739 1825 824 1878 rerbls
838 1824 951 1891 Apostoll
966 1829 1084 1877 mentem
1102 1827 1201 1879 claritis
1213 1833 1249 1879 in·

181 1900 277 1963 telligas
287 1938 294 1961 ‚
305 1901 402 1949 textum
415 1895 517 1947 aduerte
528 1913 536 1947 r

214 1989 251 2035 17.
270 1984 337 2033 Dixit
350 1981 526 2033 hereticorum
543 1979 686 2031 docuinam
696 1977 789 2041 ,seint
803 1990 956 2040 mm,
972 1980 1073 2031 ricinia
1087 1994 1201 2044 quaque
1212 1982 1250 2031 de

180 2066 291 2117 pascere.

137 2180 138 2183 ,
213 2140 250 2186 ts.
263 2134 442 2205 bellymenno
454 2133 479 2183 et
489 2128 586 2181 Phileto
600 2128 663 2180 dixit
675 2128 744 2191 quot
755 2140 841 2182 errore
855 2141 902 2179 suo
921 2129 1095 2193 quorumdam
1107 2131 1189 2183 tidem
1200 2138 1249 2197 jam

180 2206 356 2256 subverterint.
1189 2248 1196 2262 ⁹

211 2276 274 2324 ilinc
287 2276 372 2333 itaque
384 2268 526 2319 timendum
539 2267 673 2319 ridebatur
689 2278 723 2317 ne
735 2266 779 2318 bic
790 2266 894 2318 illorum
907 2280 994 2329 error,
1004 2271 1080 2331 qnasi
1093 2284 1248 2334 gangrena,

173 2348 262 2401 :totum
274 2342 351 2402 buius
363 2338 480 2389 Ecclesia
495 2350 585 2400 corpus
594 2335 719 2401 paulatim
728 2337 876 2400 pervaderet
884 2341 961 2400 atque
970 2344 1160 2402 corrumperet.

211 2413 276 2461 Huic
287 2410 372 2457 timori
384 2409 494 2457 occurrit
505 2406 651 2469 Apostolus,
660 2408 732 2467 quasi
747 2406 843 2457 diceret
853 2425 863 2457 r
872 2406 1046 2469 Quorumdam
1055 2410 1166 2469 quidem
1175 2414 1249 2460 insin-

171 2482 270 2533 bllium
284 2478 359 2529 fldem
380 2477 557 2527 subverterunt
566 2494 575 2537 3
584 2480 612 2525 at
629 2488 689 2527 vero
708 2479 778 2527 stant
792 2481 819 2527 et
834 2477 938 2529 stabunt
949 2478 1049 2527 immoti
1063 2482 1090 2527 et
1102 2480 1175 2531 firmi
1194 2481 1248 2531 rori

181 2550 280 2609 fideles,
297 2549 339 2608 qui
351 2549 411 2597 sunt
423 2546 618 2595 tundamentum
629 2546 721 2595 domds
735 2546 789 2596 bel.
837 2587 840 2592 ,

171 2642 176 2653 ⁴
211 2618 371 2671 instabilibus
382 2617 533 2680 qubusdam
545 2618 650 2679 opponit
658 2616 741 2667 multo
752 2616 838 2680 plures
848 2615 935 2668 irmos
946 2620 972 2667 et
980 2616 1092 2667 stabiles.

171 2724 175 2733 -
210 2690 341 2741 Subrersls
352 2688 478 2751 aliquibus
493 2688 597 2749 opponit
610 2685 743 2748 plerosque
756 2690 854 2737 sonus
861 2690 887 2736 et
900 2688 1027 2737 immotos.

211 2760 261 2811 llos
271 2765 357 2809 autem
370 2757 456 2807 firmos
468 2761 494 2807 et
506 2755 607 2807 stabiles
617 2759 693 2806 vocat
703 2755 899 2807 tundamentum
918 2756 978 2817 bel,
991 2756 1023 2806 ob
1041 2754 1149 2808 illorum
1158 2761 1189 2810 in
1202 2760 1245 2809 tide

174 2830 326 2886 ‚llrmllatem
337 2830 362 2877 et
375 2827 559 2886 constantiam,
572 2825 609 2873 ait
620 2823 650 2873 l).
667 2823 777 2874 loannes
789 2824 991 2887 chrysostomus.

172 2894 177 2907 ’
211 2897 254 2949 Vel
265 2902 339 2948 vocat
353 2909 395 2946 eos
408 2896 602 2947 fundamentum
617 2893 679 2953 Dei,
699 2893 790 2955 idest,
808 2894 1003 2947 tundamentum
1021 2892 1114 2945 domds
1124 2896 1188 2957 liei,
1204 2912 1246 2960 pa-

174 2968 234 3030 ¹latii
245 2968 324 3020 divinl
337 3005 344 3027 ‚
358 2965 476 3017 Ecclesia
492 2964 534 3013 liei
546 2963 687 3025 riv13qnia
699 2961 726 3010 hl
744 2964 820 3024 primi
836 2961 972 3012 Christiani
990 2960 1095 3012 luerunt
1114 2968 1190 3027 quasi
1201 2969 1246 3016 Ec-

181 3039 261 3089 clesia
279 3037 442 3087 fundamenta
456 3054 463 3084 z
478 3033 574 3083 fundati
591 3033 685 3094 qnippe
696 3035 756 3080 sunt
766 3046 843 3095 super
857 3031 1018 3094 fundamento
1031 3034 1215 3095 Apostolorum
1228 3043 1245 3086 tt

173 3107 377 3183 prophetorum„
390 3104 445 3165 ipso
462 3116 560 3152 summo
575 3097 698 3162 copulari
714 3100 798 3163 lapide
819 3100 915 3154 cbristo
927 3102 996 3151 lecu.

211 3173 285 3225 Recte
304 3184 360 3234 crgo
376 3171 570 3219 tundamentum
589 3168 725 3232 dicuntur,
744 3173 800 3218 tum
820 3171 879 3231 quia
896 3168 962 3234 llrml
979 3172 1004 3217 et
1023 3169 1125 3219 immoti
1145 3184 1246 3233 perma-

180 3241 330 3303 nent;quod
345 3238 503 3291 fundamenti
517 3239 648 3301 proprium
658 3243 695 3287 est
708 3258 715 3288 r
730 3243 786 3289 tum
799 3240 860 3301 quia
872 3240 948 3302 primi
961 3237 1064 3288 luerunt
1075 3238 1176 3303 lapides
1188 3246 1245 3305 riri,

180 3325 254 3381 super
269 3308 397 3374 Apostolos
409 3308 527 3357 substrati
538 3308 634 3355 ceteris
647 3306 763 3358 fidelibus
773 3320 848 3372 super
862 3318 903 3359 eos
919 3305 1084 3357 edificandis.

174 3376 179 3383 ’
210 3386 310 3437 Habeas
319 3380 479 3444 monetalem
494 3380 548 3431 boc.

184 3504 187 3509 .
211 3456 292 3517 Pergit
303 3455 330 3503 in
341 3454 450 3515 inempta
461 3448 607 3512 metaphora
617 3448 784 3502 fundamenti.

209 3524 345 3587 lapidibus
360 3518 591 3571 fundamentalibus
610 3518 741 3581 solebant,
755 3520 815 3569 bont
834 3520 927 3570 ominis
955 3520 1051 3583 gratia,
1068 3521 1191 3582 quaedam
1212 3525 1248 3573 in·

173 3594 261 3657 ¹sculpi
278 3593 381 3652 littere,
393 3588 432 3639 vel
447 3586 550 3651 quidam
571 3586 729 3638 characteres
747 3590 876 3649 imprimi,
889 3588 929 3637 rel
943 3588 1058 3649 quedam
1072 3591 1182 3641 inscribi
1194 3606 1246 3642 sen·

180 3666 265 3715 tentia
276 3682 283 3723 ;
295 3664 319 3710 et
329 3661 378 3711 hoc
391 3672 443 3710 non
460 3656 528 3709 deest
539 3659 594 3707 istis
606 3655 723 3707 fidelibus
738 3670 801 3720 quos
812 3657 877 3708 licus
890 3658 965 3721 elegit
978 3662 1009 3708 nt
1025 3666 1111 3709 essent
1129 3662 1244 3713 Emissis

180 3744 233 3783 sua
244 3730 416 3781 fundamenta.

173 3806 179 3817 “
209 3800 276 3848 linas
288 3798 382 3847 habent
393 3801 419 3847 tn
432 3796 518 3847 animo
529 3796 667 3845 sententies
680 3794 834 3858 insculptas,
847 3796 880 3845 nd
896 3810 959 3859 quas
971 3796 1108 3848 attendunt
1126 3798 1240 3861 frequen·

178 3871 235 3927 ter,
249 3870 274 3915 et
284 3879 346 3925 quas
357 3879 431 3928 opere
445 3866 571 3926 complent
589 3884 596 3926 ς
612 3865 703 3926 bisque
718 3863 817 3915 duabus
827 3869 959 3918 sententiis
974 3880 1020 3932 per
1035 3880 1113 3933 opera
1127 3871 1245 3921 exhibitis

180 3935 363 3995 dignoscuntur
374 3936 445 3993 quasi
457 3933 600 3993 signaculis.

173 4012 178 4043 τ
214 4000 468 4069 memnonios:
486 4004 914 4066 commensurantes
992 3992 995 3998 ’
