2575 4459
162 196 199 253 'io
360 194 495 253 onim
512 194 715 253 mischum
733 196 783 251 lb
800 198 1030 251 ltuouuuuit

191 291 281 345 unua
296 292 325 343 in
343 290 447 343 silentio
464 292 564 355 diseat,
581 306 641 345 cnm
661 292 761 344 summi
818 294 966 348 tumultu
977 295 1006 346 in
1015 285 1130 345 silentio
1141 288 1229 345 discat

162 362 338 414 tummim
783 372 938 426 cumomni
955 370 1143 437 thecticne.

193 454 287 507 Docere
309 454 397 502 autem
417 454 444 502 tn
460 452 572 505 lieeieslt
587 454 689 505 mulleri
710 467 760 504 non
818 454 864 504 ti.
879 454 986 503 Docere
1002 454 1099 501 autom
1121 444 1230 499 mulieri

163 524 355 587 permitto,nec
365 520 445 573 ullam
454 524 481 572 tn
490 525 575 577 cirum
585 526 762 573 auctoritatem
784 540 842 580 non
860 526 1010 593 permitto,
1033 538 1132 591 neque
1144 522 1232 575 domi·

164 604 296 653 exerceam
309 590 353 642 scd
367 602 423 643 eam
440 592 569 645 silentium
583 606 683 646 servare
695 593 761 644 uolo.
784 606 845 657 nari
857 606 887 657 qn
896 604 1001 670 ,imm
1017 604 1069 657 sed
1081 616 1148 656 ως,
1160 602 1190 655 in
1201 600 1234 653 gi.

785 684 880 737 lentio.

194 882 275 933 licum
288 884 421 945 precatura
439 882 539 945 pergis,
550 883 576 931 et
596 886 747 931 ornamenta
763 892 841 931 aurea
861 878 1026 941 circumfers,
1037 880 1174 942 tiarosque
1188 880 1233 928 crl-

168 962 214 1001 nes
224 987 231 1011 ,
243 953 270 998 et
282 952 348 1011 ipsos
359 962 420 999 auro
432 950 603 1011 compositos?

195 1018 234 1067 lin
245 1018 306 1067 cero
315 1018 435 1068 saltatura
451 1019 484 1067 ad
494 1017 626 1068 eeclesiam
641 1019 724 1081 pergis
733 1020 747 1067 i
756 1017 882 1078 numquid
894 1014 938 1067 hic
957 1018 1061 1077 nuptias
1082 1019 1112 1065 et
1126 1015 1234 1065 lascivia

166 1088 346 1139 oblectamenta
366 1090 511 1149 conquiris?
524 1101 588 1137 num
602 1091 631 1137 ut
646 1087 685 1137 tut
704 1087 876 1150 spectaculum
886 1087 996 1151 praehcas
1014 1084 1233 1136 advenisurnum

165 1158 210 1209 tibi
225 1171 294 1208 nunc
306 1157 469 1208 instruendus
482 1162 519 1207 cst
529 1158 673 1217 thalamus,
685 1160 749 1207 etc?

196 1227 329 1279 secessisti
340 1230 370 1277 ut
384 1228 464 1278 Deum
475 1240 521 1291 pro
541 1228 650 1291 peccatis
664 1228 715 1276 tuis
728 1226 883 1289 depreceris,
895 1228 943 1276 cte.
956 1244 964 1275 r
980 1238 1034 1275 non
1050 1227 1102 1276 iste
1114 1224 1233 1289 supplicis

164 1295 274 1347 habitus.

197 1365 251 1427 Quo
261 1366 331 1417 enim
341 1369 416 1429 pacto
428 1368 499 1429 potes
507 1366 688 1427 ingemiscere,
700 1366 761 1425 ete„
771 1376 828 1425 qna
841 1374 872 1413 ec
882 1366 973 1414 ornatu
985 1366 1088 1426 compta
1100 1364 1235 1426 procedis?

196 1438 260 1487 liam
271 1440 318 1489 eici
333 1435 459 1498 lacrymas
472 1435 575 1495 luderis,
587 1437 668 1483 risum
684 1434 844 1485 cernentibus
856 1432 1002 1495 hujusmodi
1014 1433 1142 1497 lacrymae
1154 1447 1234 1484 more·

165 1505 245 1567 hunt,
258 1510 307 1557 etc.

197 1574 242 1625 Est
255 1574 323 1624 enim
345 1586 421 1625 scena
443 1572 559 1635 qaudam
575 1576 651 1635 atque
673 1573 820 1635 simulatio,
833 1575 854 1623 st
868 1585 899 1623 cx
916 1571 1005 1622 eodem
1026 1574 1118 1623 auimo
1142 1586 1175 1623 ex
1190 1586 1235 1633 quo

169 1647 241 1693 tanta
256 1644 373 1707 sumpius
386 1644 573 1706 magnificentia
583 1646 704 1707 tantaque
716 1645 822 1693 ambitio
837 1644 938 1707 prodit,
951 1643 1009 1693 inde
1018 1645 1099 1693 etiam
1111 1643 1234 1705 lacrymas

169 1713 288 1778 profundi
301 1712 419 1764 viderint.

199 1784 308 1846 imputa
325 1796 426 1833 omnem
439 1783 585 1845 huiusmodi
604 1784 808 1846 simulationem,
821 1784 976 1835 circumcide
988 1785 1070 1836 abste
1082 1798 1193 1836 omnem
1210 1784 1236 1835 il-

169 1854 224 1905 lum
240 1866 322 1905 scena
339 1856 414 1916 atque
425 1853 578 1903 histrionum
589 1858 687 1915 gestum
703 1872 710 1902 r
726 1854 867 1903 decrerim
882 1853 992 1915 proiecto
1004 1868 1055 1902 noc
1070 1856 1211 1905 irridetur.

198 1922 323 1973 Eumdem
335 1922 428 1972 ibidem
441 1922 499 1972 vide
523 1926 613 1973 contra
629 1921 749 1972 mulieres
764 1934 820 1984 quae
830 1923 976 1986 purpurisso
987 1921 1090 1972 vultum
1101 1924 1235 1984 inliciunt,

172 1994 246 2044 slihio
258 1994 344 2044 oculos
356 1996 480 2057 pingunt,
496 1996 546 2043 cic.

199 2064 261 2115 Vide
277 2078 291 2114 e
309 2068 452 2115 contraeas
465 2076 521 2126 quu
537 2062 630 2115 vilibus
646 2059 749 2125 quidem
772 2063 864 2124 pannis
887 2060 1045 2121 induuntur,
1057 2062 1103 2111 sed
1122 2065 1155 2113 in
1175 2067 1235 2114 vesto

175 2137 252 2185 eiiam
264 2134 335 2196 nigra
345 2136 455 2184 nimium
468 2132 625 2195 magneuria
637 2133 755 2193 querunt
765 2135 892 2180 ornatum.

200 2205 350 2264 simultas,
362 2205 384 2253 si
397 2203 486 2263 luxus,
500 2204 521 2251 si
533 2204 742 2253 ornamentorum
750 2212 822 2249 amor
832 2203 934 2250 tantum
944 2200 978 2249 sit
994 2200 1023 2248 ln
1034 2198 1193 2252 mulieribus
1202 2203 1237 2253 ni-

169 2276 251 2334 tium,
265 2271 360 2335 quanto
374 2274 457 2331 maius
470 2274 496 2321 in
512 2272 591 2321 cirisi

198 2342 348 2401 Fateamur,
367 2350 467 2389 necesse
479 2340 531 2399 est,
544 2339 779 2403 sumptuositatem,
793 2337 882 2388 luxum
893 2374 901 2399 ,
913 2342 1051 2389 omatunm
1066 2352 1189 2391 amorem
1201 2344 1237 2391 ni-

168 2414 251 2462 mium
264 2448 271 2472 ,
283 2412 310 2459 in
325 2410 519 2472 quibuscunque
534 2410 603 2472 sint,
617 2409 805 2460 christianismo
815 2422 870 2459 esse
886 2412 999 2472 opposita
1010 2414 1036 2459 et
1046 2411 1177 2462 orationis
1190 2416 1237 2475 spi·

169 2482 228 2532 ritui
242 2479 380 2529 contraria.

199 2550 410 2599 Christianismus
423 2550 460 2599 cst
474 2548 647 2610 humilitatis,
663 2549 819 2612 punitentia
830 2550 856 2597 et
866 2547 1070 2597 mortificationis
1080 2550 1168 2600 status
1182 2571 1190 2601 ι
1206 2554 1238 2601 esi

169 2620 262 2681 quiippe
277 2618 369 2669 Christi
382 2620 500 2670 imitatio.

200 2688 265 2748 Quid
285 2700 342 2751 ergo
363 2690 386 2738 ei
406 2688 464 2751 pius
483 2689 626 2751 oppositum
642 2686 720 2749 quim
736 2698 809 2737 amor
823 2686 915 2742 mundi
937 2698 1089 2751 pompemm
1102 2689 1237 2751 quibusln

171 2758 299 2821 baptismo
314 2758 343 2809 tit
352 2760 532 2809 renuntiatio?

202 2828 381 2893 Compunclio,
393 2830 556 2891 punitentia,
568 2826 719 2878 annihilatio
730 2838 816 2877 coram
826 2827 893 2886 lieo,
904 2829 965 2876 sunt
982 2827 1075 2875 animm
1094 2825 1129 2876 ad
1140 2828 1237 2880 bonan

171 2900 311 2948 orationem
324 2896 453 2961 dispositio
465 2935 471 2959 ,
485 2900 510 2946 ct
522 2900 593 2959 quasi
605 2898 727 2945 orationis
739 2898 852 2958 spiritns.

200 2966 266 3019 Huic
278 2968 378 3031 spiritui
387 2966 450 3029 quid
468 2965 550 3027 magis
560 2966 717 3014 contrarium
727 2965 805 3025 quim
825 2964 941 3028 superbia
952 2964 1048 3025 cordis,
1060 2969 1171 3017 ornatus
1182 2981 1236 3019 eor·

170 3039 254 3101 poris,
266 3036 385 3085 mollities
397 3037 539 3096 utriusque.

199 3106 350 3155 conteratur
364 3107 441 3165 igitur
450 3117 508 3164 cor,
522 3114 596 3153 sacco
610 3106 635 3151 et
645 3104 730 3154 cinere
740 3103 861 3153 induatur
871 3116 962 3166 eorpus
975 3103 1082 3154 esaitcm
1093 3109 1236 3169 utrumqne

169 3173 202 3231 sit
212 3172 310 3221 humile
319 3209 326 3231 ,
335 3173 472 3234 puniceus,
483 3171 648 3220 humiliatum
658 3191 667 3232 ;
680 3172 768 3233 sieque
778 3171 905 3221 humiliati
917 3176 942 3220 et
952 3175 1115 3235 compuncti,
1127 3174 1176 3226 liei
1188 3179 1235 3227 mi·

169 3239 334 3290 serieordiam
347 3238 473 3301 supplices
484 3250 593 3287 oremus.

203 3331 241 3378 ti.
256 3326 347 3377 itoiicr
358 3324 490 3375 inriiectio
504 3325 612 3374 dhoet...

199 3398 229 3448 in
240 3394 346 3446 coelesti
356 3392 470 3444 doctores
482 3391 608 3443 audiendo
617 3394 661 3455 ,in
676 3393 753 3445 domo
762 3396 883 3446 maritam
893 3398 1070 3459 interrogando
1080 3435 1088 3460 ,
1100 3402 1130 3449 ut
1140 3404 1164 3450 t.
1177 3402 1234 3462 tior,

175 3468 334 3599 ¹⁴l’nnt'eranziio
347 3538 432 3585 aulem
445 3534 511 3585 nihil
526 3534 600 3587 dehet
610 3536 779 3601 interrogare,
790 3536 835 3587 sed
844 3538 949 3587 omnino
962 3537 1036 3588 silere
1042 3558 1051 3600 ς
1066 3535 1134 3589 nihil
1143 3538 1231 3604 loqua-

171 3612 212 3658 tur
224 3608 250 3657 in
262 3605 376 3655 ecclesia.
394 3606 475 3668 Turpe
488 3610 522 3655 est
533 3606 576 3656 iiii
589 3606 673 3669 ioqui,
685 3611 707 3657 t.
719 3606 777 3657 Cor.
786 3608 831 3669 rt,
843 3620 870 3657 ιι.
878 3609 918 3657 35.

203 3700 242 3746 ii.
255 3696 347 3745 Docere
359 3701 442 3744 aciem
453 3695 557 3747 mulieri
566 3710 617 3747 noo
626 3699 742 3760 permitto
754 3709 833 3759 oeque
843 3698 971 3748 dominari
981 3687 1009 3747 ia
1018 3700 1135 3751 mmm...

170 3762 446 3887 imssaffiffiegfflorcem
461 3776 513 3814 non
526 3764 778 3829 potsstmnlicr,nec
789 3765 868 3816 ullam
878 3766 1024 3830 ubicunque
1034 3768 1062 3817 ln
1072 3771 1159 3819 rhum
1169 3784 1233 3823 aue

204 3906 277 3956 homi
293 3908 380 3955 tamen
396 3904 485 3957 doecre
497 3908 578 3971 potest
590 3873 616 3957 ct
632 3904 706 3958 debet
718 3906 829 3970 oneum,
838 3906 920 3972 tillem
931 3906 986 3965 mi
1002 3910 1028 3961 el
1041 3908 1130 3967 Prisca
1145 3910 1231 3965 ᾱοοιιὶι
