<?xml version="1.0" encoding="UTF-8"?>
<!DOCTYPE html PUBLIC "-//W3C//DTD XHTML 1.0 Transitional//EN"
    "http://www.w3.org/TR/xhtml1/DTD/xhtml1-transitional.dtd">
<html xmlns="http://www.w3.org/1999/xhtml" xml:lang="en" lang="en">
 <head>
  <title>
</title>
<meta http-equiv="Content-Type" content="text/html;charset=utf-8" />
  <meta name='ocr-system' content='tesseract 3.04.00' />
  <meta name='ocr-capabilities' content='ocr_page ocr_carea ocr_par ocr_line ocrx_word'/>
</head>
<body>
  <div class='ocr_page' id='page_1' title='image "./epistolarumbpau04berngoog/epistolarumbpau04berngoog_0017.png"; bbox 0 0 2575 4459; ppageno 0'>
   <div class='ocr_carea' id='block_1_1' title="bbox 181 329 1098 402">
    <p class='ocr_par' dir='ltr' id='par_1_1' title="bbox 181 329 1098 402">
     <span class='ocr_line' id='line_1_1' title="bbox 181 329 1098 402; baseline -0.02 0"><span class='ocrx_word' id='word_1_1' title='bbox 181 344 202 402; x_wconf 82' lang='lat'><em>8</em></span> <span class='ocrx_word' id='word_1_2' title='bbox 327 338 682 398; x_wconf 75' lang='lat' dir='ltr'>SECUNDAE.EPISTOLAE</span> <span class='ocrx_word' id='word_1_3' title='bbox 699 337 747 390; x_wconf 77' lang='lat' dir='ltr'><strong>tu</strong></span> <span class='ocrx_word' id='word_1_4' title='bbox 763 329 1098 390; x_wconf 69' lang='lat' dir='ltr'><strong>THESSAIDMGENSES</strong></span> 
     </span>
    </p>
   </div>
   <div class='ocr_carea' id='block_1_2' title="bbox 181 424 1246 727">
    <p class='ocr_par' dir='ltr' id='par_1_2' title="bbox 181 424 1245 569">
     <span class='ocr_line' id='line_1_2' title="bbox 181 424 1245 503; baseline -0.008 -15"><span class='ocrx_word' id='word_1_5' title='bbox 181 440 238 503; x_wconf 78' lang='lat' dir='ltr'><strong>pter</strong></span> <span class='ocrx_word' id='word_1_6' title='bbox 249 436 378 500; x_wconf 77' lang='lat' dir='ltr'><strong>tudtetunr</strong></span> <span class='ocrx_word' id='word_1_7' title='bbox 401 436 534 496; x_wconf 89' lang='lat' dir='ltr'><strong>tutururo,</strong></span> <span class='ocrx_word' id='word_1_8' title='bbox 556 436 582 483; x_wconf 86' lang='lat' dir='ltr'><strong>et</strong></span> <span class='ocrx_word' id='word_1_9' title='bbox 597 436 627 483; x_wconf 88' lang='lat' dir='ltr'><strong>ut</strong></span> <span class='ocrx_word' id='word_1_10' title='bbox 640 445 686 484; x_wconf 83' lang='lat' dir='ltr'><strong>ros</strong></span> <span class='ocrx_word' id='word_1_11' title='bbox 704 444 780 494; x_wconf 75' lang='lat' dir='ltr'><strong>regno</strong></span> <span class='ocrx_word' id='word_1_12' title='bbox 802 445 889 499; x_wconf 80' lang='lat' dir='ltr'><strong>regno</strong></span> <span class='ocrx_word' id='word_1_13' title='bbox 906 432 957 486; x_wconf 85' lang='lat' dir='ltr'><strong>Itei</strong></span> <span class='ocrx_word' id='word_1_14' title='bbox 976 444 1027 499; x_wconf 87' lang='lat' dir='ltr'><strong>pro</strong></span> <span class='ocrx_word' id='word_1_15' title='bbox 1053 442 1112 495; x_wconf 88' lang='lat' dir='ltr'><strong>quo</strong></span> <span class='ocrx_word' id='word_1_16' title='bbox 1126 432 1155 483; x_wconf 86' lang='lat' dir='ltr'><strong>et</strong></span> <span class='ocrx_word' id='word_1_17' title='bbox 1173 424 1245 493; x_wconf 84' lang='lat' dir='ltr'><strong>puti-</strong></span> 
     </span>
     <span class='ocr_line' id='line_1_3' title="bbox 182 504 895 569; baseline -0.013 -8"><span class='ocrx_word' id='word_1_18' title='bbox 182 520 229 561; x_wconf 79' lang='lat' dir='ltr'><strong>ruo</strong></span> <span class='ocrx_word' id='word_1_19' title='bbox 240 508 328 569; x_wconf 79' lang='lat' dir='ltr'><strong>dignos</strong></span> <span class='ocrx_word' id='word_1_20' title='bbox 337 504 434 557; x_wconf 81' lang='lat' dir='ltr'><strong>reddet.</strong></span> <span class='ocrx_word' id='word_1_21' title='bbox 806 510 895 564; x_wconf 84' lang='lat' dir='ltr'><strong>mini:</strong></span> 
     </span>
    </p>

    <p class='ocr_par' dir='ltr' id='par_1_3' title="bbox 183 583 1246 727">
     <span class='ocr_line' id='line_1_4' title="bbox 214 583 1245 655; baseline -0.007 -13"><span class='ocrx_word' id='word_1_22' title='bbox 214 591 344 653; x_wconf 82' lang='lat' dir='ltr'><strong>siquidem</strong></span> <span class='ocrx_word' id='word_1_23' title='bbox 352 594 451 653; x_wconf 79' lang='lat' dir='ltr'><strong>turtum</strong></span> <span class='ocrx_word' id='word_1_24' title='bbox 462 592 500 641; x_wconf 87' lang='lat' dir='ltr'><strong>est</strong></span> <span class='ocrx_word' id='word_1_25' title='bbox 508 601 595 639; x_wconf 83' lang='lat' dir='ltr'><strong>eoram</strong></span> <span class='ocrx_word' id='word_1_26' title='bbox 605 586 656 639; x_wconf 79' lang='lat' dir='ltr'><strong>lieo</strong></span> <span class='ocrx_word' id='word_1_27' title='bbox 666 586 782 638; x_wconf 74' lang='grc'><strong>1111111111-</strong></span> <span class='ocrx_word' id='word_1_28' title='bbox 840 591 867 641; x_wconf 91' lang='grc'><strong>6.</strong></span> <span class='ocrx_word' id='word_1_29' title='bbox 875 590 905 644; x_wconf 82' lang='lat' dir='ltr'><strong>Si</strong></span> <span class='ocrx_word' id='word_1_30' title='bbox 912 588 1116 655; x_wconf 78' lang='lat' dir='ltr'><strong>tameujuetum</strong></span> <span class='ocrx_word' id='word_1_31' title='bbox 1123 583 1245 650; x_wconf 83' lang='lat' dir='ltr'><strong>eetepud</strong></span> 
     </span>
     <span class='ocr_line' id='line_1_5' title="bbox 183 656 1246 727; baseline -0.011 0"><span class='ocrx_word' id='word_1_32' title='bbox 183 662 302 727; x_wconf 61' lang='lat' dir='ltr'><strong>tinum</strong></span> <span class='ocrx_word' id='word_1_33' title='bbox 313 660 477 711; x_wconf 59' lang='lat' dir='ltr'><strong>amium</strong></span> <span class='ocrx_word' id='word_1_34' title='bbox 489 656 644 723; x_wconf 60' lang='lat' dir='ltr'><strong>”venditet</strong></span> <span class='ocrx_word' id='word_1_35' title='bbox 805 671 893 721; x_wconf 84' lang='lat' dir='ltr'><strong>iteum</strong></span> <span class='ocrx_word' id='word_1_36' title='bbox 913 664 1067 719; x_wconf 75' lang='lat' dir='ltr'><strong>retribuere</strong></span> <span class='ocrx_word' id='word_1_37' title='bbox 1089 663 1246 718; x_wconf 69' lang='grc' dir='ltr'><strong>1111111111ῑί1)-</strong></span> 
     </span>
    </p>
   </div>
   <div class='ocr_carea' id='block_1_3' title="bbox 139 740 1250 3245">
    <p class='ocr_par' dir='ltr' id='par_1_4' title="bbox 139 740 1250 3245">
     <span class='ocr_line' id='line_1_6' title="bbox 806 740 1213 809; baseline -0.005 -15"><span class='ocrx_word' id='word_1_38' title='bbox 806 756 870 797; x_wconf 91' lang='lat' dir='ltr'><strong>nem</strong></span> <span class='ocrx_word' id='word_1_39' title='bbox 886 743 922 795; x_wconf 85' lang='lat' dir='ltr'><strong>lis</strong></span> <span class='ocrx_word' id='word_1_40' title='bbox 936 741 984 809; x_wconf 88' lang='lat' dir='ltr'><strong>qui</strong></span> <span class='ocrx_word' id='word_1_41' title='bbox 998 755 1047 795; x_wconf 85' lang='lat' dir='ltr'><strong>ros</strong></span> <span class='ocrx_word' id='word_1_42' title='bbox 1058 740 1213 803; x_wconf 78' lang='lat' dir='ltr'><strong>tribrrlnnt3</strong></span> 
     </span>
     <span class='ocr_line' id='line_1_7' title="bbox 187 857 1243 887; baseline -0.01 -1"><span class='ocrx_word' id='word_1_43' title='bbox 187 857 1243 887; x_wconf 57' lang='lat' dir='ltr'><em>W</em></span> 
     </span>
     <span class='ocr_line' id='line_1_8' title="bbox 183 924 1245 997; baseline -0.011 -11"><span class='ocrx_word' id='word_1_44' title='bbox 183 934 257 995; x_wconf 63' lang='grc' dir='ltr'><strong>θοοῖς</strong></span> <span class='ocrx_word' id='word_1_45' title='bbox 270 932 395 995; x_wconf 90' lang='lat' dir='ltr'><strong>quomodo</strong></span> <span class='ocrx_word' id='word_1_46' title='bbox 407 933 498 997; x_wconf 86' lang='lat' dir='ltr'><strong>puniet</strong></span> <span class='ocrx_word' id='word_1_47' title='bbox 509 931 600 993; x_wconf 86' lang='lat' dir='ltr'><strong>impios</strong></span> <span class='ocrx_word' id='word_1_48' title='bbox 613 940 747 989; x_wconf 88' lang='lat' dir='ltr'><strong>nunquam</strong></span> <span class='ocrx_word' id='word_1_49' title='bbox 761 924 931 989; x_wconf 85' lang='lat' dir='ltr'><strong>purtdeeudos</strong></span> <span class='ocrx_word' id='word_1_50' title='bbox 946 936 994 975; x_wconf 91' lang='lat' dir='ltr'><strong>nee</strong></span> <span class='ocrx_word' id='word_1_51' title='bbox 1006 925 1204 976; x_wconf 82' lang='lat' dir='ltr'><strong>eonvertendos!</strong></span> <span class='ocrx_word' id='word_1_52' title='bbox 1215 926 1245 974; x_wconf 84' lang='lat' dir='ltr'><strong>tta</strong></span> 
     </span>
     <span class='ocr_line' id='line_1_9' title="bbox 183 994 1245 1064; baseline -0.009 -9"><span class='ocrx_word' id='word_1_53' title='bbox 183 1002 233 1055; x_wconf 84' lang='lat' dir='ltr'><strong>hoe</strong></span> <span class='ocrx_word' id='word_1_54' title='bbox 248 1002 343 1064; x_wconf 80' lang='lat' dir='ltr'><strong>tudleto</strong></span> <span class='ocrx_word' id='word_1_55' title='bbox 353 1002 398 1051; x_wconf 80' lang='lat' dir='ltr'><strong>liei</strong></span> <span class='ocrx_word' id='word_1_56' title='bbox 407 1003 438 1050; x_wconf 91' lang='lat' dir='ltr'><strong>in</strong></span> <span class='ocrx_word' id='word_1_57' title='bbox 449 1001 556 1063; x_wconf 88' lang='lat' dir='ltr'><strong>impios,</strong></span> <span class='ocrx_word' id='word_1_58' title='bbox 567 997 625 1048; x_wconf 79' lang='lat' dir='ltr'><strong>ride</strong></span> <span class='ocrx_word' id='word_1_59' title='bbox 635 999 745 1060; x_wconf 84' lang='lat' dir='ltr'><strong>primam</strong></span> <span class='ocrx_word' id='word_1_60' title='bbox 759 996 811 1046; x_wconf 87' lang='lat' dir='ltr'><strong>diri</strong></span> <span class='ocrx_word' id='word_1_61' title='bbox 821 994 902 1057; x_wconf 85' lang='lat' dir='ltr'><strong>Petri,</strong></span> <span class='ocrx_word' id='word_1_62' title='bbox 912 1006 968 1057; x_wconf 85' lang='lat' dir='ltr'><strong>erp.</strong></span> <span class='ocrx_word' id='word_1_63' title='bbox 980 994 1011 1054; x_wconf 81' lang='lat' dir='ltr'><strong>i,</strong></span> <span class='ocrx_word' id='word_1_64' title='bbox 1032 1006 1059 1044; x_wconf 91' lang='grc'><strong>11.</strong></span> <span class='ocrx_word' id='word_1_65' title='bbox 1073 998 1119 1055; x_wconf 84' lang='lat' dir='ltr'><strong>tr,</strong></span> <span class='ocrx_word' id='word_1_66' title='bbox 1141 998 1171 1045; x_wconf 86' lang='lat' dir='ltr'><strong>te</strong></span> <span class='ocrx_word' id='word_1_67' title='bbox 1182 1030 1191 1057; x_wconf 86' lang='lat'>,</span> <span class='ocrx_word' id='word_1_68' title='bbox 1202 1001 1245 1045; x_wconf 75' lang='lat' dir='ltr'><strong>ete</strong></span> 
     </span>
     <span class='ocr_line' id='line_1_10' title="bbox 217 1061 943 1147; baseline -0.011 -12"><span class='ocrx_word' id='word_1_69' title='bbox 217 1086 247 1135; x_wconf 88' lang='lat' dir='ltr'><strong>llt</strong></span> <span class='ocrx_word' id='word_1_70' title='bbox 260 1084 330 1147; x_wconf 70' lang='lat' dir='ltr'><strong>dirui</strong></span> <span class='ocrx_word' id='word_1_71' title='bbox 346 1082 495 1133; x_wconf 75' lang='lat' dir='ltr'><strong><em>habeamini</em></strong></span> <span class='ocrx_word' id='word_1_72' title='bbox 506 1082 534 1130; x_wconf 84' lang='lat' dir='ltr'><strong>in</strong></span> <span class='ocrx_word' id='word_1_73' title='bbox 545 1093 621 1143; x_wconf 79' lang='lat' dir='ltr'><strong>roano</strong></span> <span class='ocrx_word' id='word_1_74' title='bbox 636 1080 698 1140; x_wconf 55' lang='grc' dir='ltr'><strong>Βοὴ·</strong></span> <span class='ocrx_word' id='word_1_75' title='bbox 934 1061 943 1079; x_wconf 68' lang='grc'><em>’</em></span> 
     </span>
     <span class='ocr_line' id='line_1_11' title="bbox 194 1143 963 1209; baseline -0.016 -4"><span class='ocrx_word' id='word_1_76' title='bbox 194 1172 198 1179; x_wconf 64' lang='lat'><strong>⁴</strong></span> <span class='ocrx_word' id='word_1_77' title='bbox 215 1154 254 1205; x_wconf 78' lang='lat' dir='ltr'><strong>Ad</strong></span> <span class='ocrx_word' id='word_1_78' title='bbox 271 1153 365 1203; x_wconf 89' lang='lat' dir='ltr'><strong>horum</strong></span> <span class='ocrx_word' id='word_1_79' title='bbox 379 1152 517 1202; x_wconf 82' lang='lat' dir='ltr'><strong>verborum</strong></span> <span class='ocrx_word' id='word_1_80' title='bbox 531 1148 664 1199; x_wconf 72' lang='lat' dir='ltr'><strong>cunerem</strong></span> <span class='ocrx_word' id='word_1_81' title='bbox 676 1145 875 1209; x_wconf 80' lang='lat' dir='ltr'><strong>intelligentiam.</strong></span> <span class='ocrx_word' id='word_1_82' title='bbox 957 1143 963 1153; x_wconf 91' lang='grc'><strong><em>’</em></strong></span> 
     </span>
     <span class='ocr_line' id='line_1_12' title="bbox 216 1232 1246 1296; baseline -0.01 -3"><span class='ocrx_word' id='word_1_83' title='bbox 216 1238 374 1293; x_wconf 76' lang='lat' dir='ltr'><strong>euasurum</strong></span> <span class='ocrx_word' id='word_1_84' title='bbox 388 1250 536 1291; x_wconf 77' lang='lat' dir='ltr'><strong>arrrenams</strong></span> <span class='ocrx_word' id='word_1_85' title='bbox 547 1248 579 1285; x_wconf 83' lang='lat' dir='ltr'><strong>nr</strong></span> <span class='ocrx_word' id='word_1_86' title='bbox 600 1246 719 1283; x_wconf 78' lang='lat' dir='ltr'><strong>nonanis.</strong></span> <span class='ocrx_word' id='word_1_87' title='bbox 732 1258 765 1270; x_wconf 93' lang='lat'>-</span> <span class='ocrx_word' id='word_1_88' title='bbox 775 1232 893 1296; x_wconf 90' lang='lat' dir='ltr'><strong>Suppouo</strong></span> <span class='ocrx_word' id='word_1_89' title='bbox 909 1245 940 1282; x_wconf 86' lang='lat' dir='ltr'><strong>ex</strong></span> <span class='ocrx_word' id='word_1_90' title='bbox 952 1233 1010 1283; x_wconf 86' lang='lat' dir='ltr'><strong>diro</strong></span> <span class='ocrx_word' id='word_1_91' title='bbox 1024 1232 1119 1294; x_wconf 75' lang='lat' dir='ltr'><strong>Paulo,</strong></span> <span class='ocrx_word' id='word_1_92' title='bbox 1132 1233 1191 1285; x_wconf 71' lang='lat' dir='ltr'><strong>Aet.</strong></span> <span class='ocrx_word' id='word_1_93' title='bbox 1206 1237 1246 1295; x_wconf 86' lang='grc'><strong>11,</strong></span> 
     </span>
     <span class='ocr_line' id='line_1_13' title="bbox 185 1302 1246 1372; baseline -0.008 -9"><span class='ocrx_word' id='word_1_94' title='bbox 185 1324 214 1367; x_wconf 89' lang='lat' dir='ltr'><strong>n.</strong></span> <span class='ocrx_word' id='word_1_95' title='bbox 224 1338 225 1342; x_wconf 61' lang='lat'><em>=</em></span> <span class='ocrx_word' id='word_1_96' title='bbox 234 1314 274 1362; x_wconf 80' lang='lat' dir='ltr'><strong>tt.</strong></span> <span class='ocrx_word' id='word_1_97' title='bbox 292 1309 361 1372; x_wconf 84' lang='lat' dir='ltr'><strong>qued</strong></span> <span class='ocrx_word' id='word_1_98' title='bbox 380 1321 425 1372; x_wconf 83' lang='lat' dir='ltr'><strong>per</strong></span> <span class='ocrx_word' id='word_1_99' title='bbox 446 1307 540 1357; x_wconf 84' lang='lat' dir='ltr'><strong>multas</strong></span> <span class='ocrx_word' id='word_1_100' title='bbox 562 1302 738 1355; x_wconf 76' lang='lat' dir='ltr'><strong><em>tribulationes</em></strong></span> <span class='ocrx_word' id='word_1_101' title='bbox 753 1308 850 1364; x_wconf 76' lang='lat' dir='ltr'><strong>operm</strong></span> <span class='ocrx_word' id='word_1_102' title='bbox 859 1316 904 1351; x_wconf 81' lang='lat' dir='ltr'><strong>uos</strong></span> <span class='ocrx_word' id='word_1_103' title='bbox 915 1304 1011 1352; x_wconf 79' lang='lat' dir='ltr'><strong>intrare</strong></span> <span class='ocrx_word' id='word_1_104' title='bbox 1024 1304 1052 1352; x_wconf 81' lang='lat' dir='ltr'><strong>in</strong></span> <span class='ocrx_word' id='word_1_105' title='bbox 1068 1316 1180 1365; x_wconf 62' lang='lat' dir='ltr'><strong>mnam</strong></span> <span class='ocrx_word' id='word_1_106' title='bbox 1191 1308 1246 1366; x_wconf 58' lang='grc' dir='ltr'><strong>θεὴ</strong></span> 
     </span>
     <span class='ocr_line' id='line_1_14' title="bbox 186 1372 1245 1444; baseline -0.006 -12"><span class='ocrx_word' id='word_1_107' title='bbox 186 1394 250 1441; x_wconf 69' lang='lat' dir='ltr'><strong>seu,</strong></span> <span class='ocrx_word' id='word_1_108' title='bbox 266 1380 334 1444; x_wconf 85' lang='lat' dir='ltr'><strong>qued</strong></span> <span class='ocrx_word' id='word_1_109' title='bbox 351 1380 417 1429; x_wconf 84' lang='lat' dir='ltr'><strong>Deus</strong></span> <span class='ocrx_word' id='word_1_110' title='bbox 436 1390 512 1429; x_wconf 89' lang='lat' dir='ltr'><strong>suum</strong></span> <span class='ocrx_word' id='word_1_111' title='bbox 529 1375 602 1425; x_wconf 89' lang='lat' dir='ltr'><strong>nobis</strong></span> <span class='ocrx_word' id='word_1_112' title='bbox 620 1384 728 1433; x_wconf 81' lang='lat' dir='ltr'><strong>regnum</strong></span> <span class='ocrx_word' id='word_1_113' title='bbox 746 1374 863 1434; x_wconf 85' lang='lat' dir='ltr'><strong>promisti</strong></span> <span class='ocrx_word' id='word_1_114' title='bbox 883 1373 929 1422; x_wconf 84' lang='lat' dir='ltr'><strong>sub</strong></span> <span class='ocrx_word' id='word_1_115' title='bbox 948 1372 1092 1422; x_wconf 79' lang='lat' dir='ltr'><strong>eruditione</strong></span> <span class='ocrx_word' id='word_1_116' title='bbox 1107 1375 1245 1435; x_wconf 84' lang='lat' dir='ltr'><strong>patiendi:</strong></span> 
     </span>
     <span class='ocr_line' id='line_1_15' title="bbox 184 1441 1221 1513; baseline -0.005 -12"><span class='ocrx_word' id='word_1_117' title='bbox 184 1452 251 1502; x_wconf 77' lang='lat' dir='ltr'><strong>siem</strong></span> <span class='ocrx_word' id='word_1_118' title='bbox 266 1450 382 1513; x_wconf 82' lang='lat' dir='ltr'><strong>oportuit</strong></span> <span class='ocrx_word' id='word_1_119' title='bbox 394 1448 453 1510; x_wconf 87' lang='lat' dir='ltr'><strong>poti</strong></span> <span class='ocrx_word' id='word_1_120' title='bbox 472 1446 614 1502; x_wconf 78' lang='lat' dir='ltr'><strong>etrirtum,</strong></span> <span class='ocrx_word' id='word_1_121' title='bbox 632 1448 655 1491; x_wconf 83' lang='lat' dir='ltr'><strong>et</strong></span> <span class='ocrx_word' id='word_1_122' title='bbox 672 1444 725 1499; x_wconf 84' lang='lat' dir='ltr'><strong>ita,</strong></span> <span class='ocrx_word' id='word_1_123' title='bbox 744 1447 789 1489; x_wconf 86' lang='lat' dir='ltr'><strong>etr.</strong></span> <span class='ocrx_word' id='word_1_124' title='bbox 808 1442 844 1490; x_wconf 87' lang='lat' dir='ltr'><strong>ste</strong></span> <span class='ocrx_word' id='word_1_125' title='bbox 859 1441 956 1503; x_wconf 74' lang='lat' dir='ltr'><strong>oportet</strong></span> <span class='ocrx_word' id='word_1_126' title='bbox 969 1444 1021 1502; x_wconf 87' lang='lat' dir='ltr'><strong>pati</strong></span> <span class='ocrx_word' id='word_1_127' title='bbox 1033 1441 1221 1496; x_wconf 72' lang='lat' dir='ltr'><strong>tlhrutiamm.</strong></span> 
     </span>
     <span class='ocr_line' id='line_1_16' title="bbox 177 1504 1247 1573; baseline -0.011 -4"><span class='ocrx_word' id='word_1_128' title='bbox 177 1528 184 1543; x_wconf 68' lang='lat'><em>⁶</em></span> <span class='ocrx_word' id='word_1_129' title='bbox 216 1518 400 1569; x_wconf 81' lang='lat' dir='ltr'><strong>&#39;tribulationes</strong></span> <span class='ocrx_word' id='word_1_130' title='bbox 421 1518 507 1563; x_wconf 85' lang='lat' dir='ltr'><strong>autem</strong></span> <span class='ocrx_word' id='word_1_131' title='bbox 526 1516 552 1560; x_wconf 87' lang='lat' dir='ltr'><strong>et</strong></span> <span class='ocrx_word' id='word_1_132' title='bbox 580 1511 768 1573; x_wconf 82' lang='lat' dir='ltr'><strong>pomeruttoues</strong></span> <span class='ocrx_word' id='word_1_133' title='bbox 788 1504 914 1569; x_wconf 73' lang='lat' dir='ltr'><strong>qumlidet</strong></span> <span class='ocrx_word' id='word_1_134' title='bbox 934 1509 1092 1560; x_wconf 83' lang='lat' dir='ltr'><strong>sustinebant</strong></span> <span class='ocrx_word' id='word_1_135' title='bbox 1112 1510 1247 1568; x_wconf 65' lang='lat' dir='ltr'><strong>Christiani</strong></span> 
     </span>
     <span class='ocr_line' id='line_1_17' title="bbox 185 1578 1248 1645; baseline -0.01 -6"><span class='ocrx_word' id='word_1_136' title='bbox 185 1588 418 1639; x_wconf 74' lang='lat' dir='ltr'><strong>Thesmlonirensee</strong></span> <span class='ocrx_word' id='word_1_137' title='bbox 431 1600 439 1633; x_wconf 80' lang='lat' dir='ltr'><strong>r</strong></span> <span class='ocrx_word' id='word_1_138' title='bbox 453 1580 625 1645; x_wconf 75' lang='lat' dir='ltr'><strong>adimplebant</strong></span> <span class='ocrx_word' id='word_1_139' title='bbox 639 1590 698 1641; x_wconf 76' lang='lat' dir='ltr'><strong>ergo</strong></span> <span class='ocrx_word' id='word_1_140' title='bbox 714 1578 887 1629; x_wconf 80' lang='lat' dir='ltr'><strong>conditionem</strong></span> <span class='ocrx_word' id='word_1_141' title='bbox 904 1578 951 1629; x_wconf 80' lang='grc'><strong>11111</strong></span> <span class='ocrx_word' id='word_1_142' title='bbox 966 1578 1017 1640; x_wconf 83' lang='lat' dir='ltr'><strong>qud</strong></span> <span class='ocrx_word' id='word_1_143' title='bbox 1028 1582 1188 1643; x_wconf 79' lang='lat' dir='ltr'><strong>prontissum</strong></span> <span class='ocrx_word' id='word_1_144' title='bbox 1204 1588 1248 1637; x_wconf 60' lang='lat' dir='ltr'><strong>jun</strong></span> 
     </span>
     <span class='ocr_line' id='line_1_18' title="bbox 187 1660 371 1717; baseline -0.016 -11"><span class='ocrx_word' id='word_1_145' title='bbox 187 1660 242 1711; x_wconf 76' lang='lat' dir='ltr'><strong>erat</strong></span> <span class='ocrx_word' id='word_1_146' title='bbox 254 1666 371 1717; x_wconf 75' lang='lat' dir='ltr'><strong>regnum.</strong></span> 
     </span>
     <span class='ocr_line' id='line_1_19' title="bbox 216 1716 1248 1785; baseline -0.004 -8"><span class='ocrx_word' id='word_1_147' title='bbox 216 1726 321 1777; x_wconf 86' lang='lat' dir='ltr'><strong>illorum</strong></span> <span class='ocrx_word' id='word_1_148' title='bbox 330 1726 415 1783; x_wconf 86' lang='lat' dir='ltr'><strong>itaque</strong></span> <span class='ocrx_word' id='word_1_149' title='bbox 426 1720 554 1785; x_wconf 87' lang='lat' dir='ltr'><strong>passiones</strong></span> <span class='ocrx_word' id='word_1_150' title='bbox 567 1722 639 1768; x_wconf 88' lang='lat' dir='ltr'><strong>erant</strong></span> <span class='ocrx_word' id='word_1_151' title='bbox 653 1720 750 1768; x_wconf 86' lang='lat' dir='ltr'><strong>eertum</strong></span> <span class='ocrx_word' id='word_1_152' title='bbox 763 1716 903 1777; x_wconf 81' lang='lat' dir='ltr'><strong>indictum,</strong></span> <span class='ocrx_word' id='word_1_153' title='bbox 917 1720 1026 1768; x_wconf 79' lang='lat' dir='ltr'><strong>ostensio</strong></span> <span class='ocrx_word' id='word_1_154' title='bbox 1035 1722 1060 1769; x_wconf 90' lang='lat' dir='ltr'><strong>et</strong></span> <span class='ocrx_word' id='word_1_155' title='bbox 1068 1718 1248 1774; x_wconf 78' lang='lat' dir='ltr'><strong>demonstratio</strong></span> 
     </span>
     <span class='ocr_line' id='line_1_20' title="bbox 185 1788 1249 1859; baseline -0.004 -12"><span class='ocrx_word' id='word_1_156' title='bbox 185 1796 248 1859; x_wconf 80' lang='lat' dir='ltr'><strong>lusti</strong></span> <span class='ocrx_word' id='word_1_157' title='bbox 259 1795 350 1857; x_wconf 79' lang='lat' dir='ltr'><strong>tudisii</strong></span> <span class='ocrx_word' id='word_1_158' title='bbox 361 1792 421 1853; x_wconf 83' lang='lat' dir='ltr'><strong>liei,</strong></span> <span class='ocrx_word' id='word_1_159' title='bbox 439 1801 490 1852; x_wconf 90' lang='lat' dir='ltr'><strong>qno</strong></span> <span class='ocrx_word' id='word_1_160' title='bbox 507 1788 557 1839; x_wconf 88' lang='lat' dir='ltr'><strong>illis</strong></span> <span class='ocrx_word' id='word_1_161' title='bbox 573 1799 782 1849; x_wconf 71' lang='lat' dir='ltr'><strong>regnantum,</strong></span> <span class='ocrx_word' id='word_1_162' title='bbox 798 1789 876 1837; x_wconf 88' lang='lat' dir='ltr'><strong>etiam</strong></span> <span class='ocrx_word' id='word_1_163' title='bbox 887 1800 917 1837; x_wconf 83' lang='lat' dir='ltr'><strong>ex</strong></span> <span class='ocrx_word' id='word_1_164' title='bbox 931 1789 1043 1849; x_wconf 78' lang='lat' dir='ltr'><strong>justitia,</strong></span> <span class='ocrx_word' id='word_1_165' title='bbox 1057 1789 1249 1851; x_wconf 86' lang='lat' dir='ltr'><strong>adjudieaturus</strong></span> 
     </span>
     <span class='ocr_line' id='line_1_21' title="bbox 187 1855 1247 1924; baseline -0.004 -7"><span class='ocrx_word' id='word_1_166' title='bbox 187 1868 266 1924; x_wconf 85' lang='lat' dir='ltr'><strong>esset,</strong></span> <span class='ocrx_word' id='word_1_167' title='bbox 285 1875 332 1914; x_wconf 88' lang='lat' dir='ltr'><strong>seu</strong></span> <span class='ocrx_word' id='word_1_168' title='bbox 348 1874 399 1923; x_wconf 89' lang='lat' dir='ltr'><strong>quo</strong></span> <span class='ocrx_word' id='word_1_169' title='bbox 412 1858 468 1909; x_wconf 90' lang='lat' dir='ltr'><strong>illos</strong></span> <span class='ocrx_word' id='word_1_170' title='bbox 483 1868 559 1919; x_wconf 79' lang='lat' dir='ltr'><strong>regno</strong></span> <span class='ocrx_word' id='word_1_171' title='bbox 575 1870 621 1906; x_wconf 92' lang='lat' dir='ltr'><strong>suo</strong></span> <span class='ocrx_word' id='word_1_172' title='bbox 637 1856 726 1917; x_wconf 74' lang='lat' dir='ltr'><strong>dignos</strong></span> <span class='ocrx_word' id='word_1_173' title='bbox 743 1855 883 1917; x_wconf 75' lang='lat' dir='ltr'><strong>iudicabit,</strong></span> <span class='ocrx_word' id='word_1_174' title='bbox 899 1860 970 1918; x_wconf 88' lang='lat' dir='ltr'><strong>quast</strong></span> <span class='ocrx_word' id='word_1_175' title='bbox 985 1856 1078 1907; x_wconf 80' lang='lat' dir='ltr'><strong>diceret</strong></span> <span class='ocrx_word' id='word_1_176' title='bbox 1094 1858 1247 1921; x_wconf 78' lang='lat' dir='ltr'><strong>Apostolus:</strong></span> 
     </span>
     <span class='ocr_line' id='line_1_22' title="bbox 216 1924 1248 1993; baseline -0.004 -8"><span class='ocrx_word' id='word_1_177' title='bbox 216 1934 282 1985; x_wconf 85' lang='lat' dir='ltr'><strong>Iteus</strong></span> <span class='ocrx_word' id='word_1_178' title='bbox 297 1943 404 1993; x_wconf 83' lang='lat' dir='ltr'><strong>reguum</strong></span> <span class='ocrx_word' id='word_1_179' title='bbox 421 1931 544 1979; x_wconf 75' lang='lat' dir='ltr'><strong>niernum</strong></span> <span class='ocrx_word' id='word_1_180' title='bbox 559 1926 676 1989; x_wconf 79' lang='lat' dir='ltr'><strong>promisit</strong></span> <span class='ocrx_word' id='word_1_181' title='bbox 692 1926 724 1973; x_wconf 88' lang='lat' dir='ltr'><strong>its</strong></span> <span class='ocrx_word' id='word_1_182' title='bbox 743 1926 787 1985; x_wconf 88' lang='lat' dir='ltr'><strong>qui</strong></span> <span class='ocrx_word' id='word_1_183' title='bbox 804 1938 849 1986; x_wconf 89' lang='lat' dir='ltr'><strong>pro</strong></span> <span class='ocrx_word' id='word_1_184' title='bbox 866 1924 915 1974; x_wconf 85' lang='lat' dir='ltr'><strong>tide</strong></span> <span class='ocrx_word' id='word_1_185' title='bbox 927 1926 1054 1987; x_wconf 90' lang='lat' dir='ltr'><strong>patientur</strong></span> <span class='ocrx_word' id='word_1_186' title='bbox 1069 1939 1101 1976; x_wconf 82' lang='lat' dir='ltr'><strong>ex</strong></span> <span class='ocrx_word' id='word_1_187' title='bbox 1111 1928 1248 1989; x_wconf 83' lang='lat' dir='ltr'><strong>eharitate;</strong></span> 
     </span>
     <span class='ocr_line' id='line_1_23' title="bbox 186 1992 1249 2065; baseline -0.011 -12"><span class='ocrx_word' id='word_1_188' title='bbox 186 2014 248 2065; x_wconf 81' lang='lat' dir='ltr'><strong>ros,</strong></span> <span class='ocrx_word' id='word_1_189' title='bbox 266 1999 282 2052; x_wconf 82' lang='lat' dir='ltr'><strong>d</strong></span> <span class='ocrx_word' id='word_1_190' title='bbox 295 1998 547 2054; x_wconf 81' lang='lat' dir='ltr'><strong>Thessalonicenses,</strong></span> <span class='ocrx_word' id='word_1_191' title='bbox 568 2006 614 2056; x_wconf 94' lang='lat' dir='ltr'><strong>pro</strong></span> <span class='ocrx_word' id='word_1_192' title='bbox 629 1992 679 2043; x_wconf 86' lang='lat' dir='ltr'><strong>ilde</strong></span> <span class='ocrx_word' id='word_1_193' title='bbox 694 1994 782 2043; x_wconf 83' lang='lat' dir='ltr'><strong>omnia</strong></span> <span class='ocrx_word' id='word_1_194' title='bbox 793 1992 986 2043; x_wconf 81' lang='lat' dir='ltr'><strong>tribulationum</strong></span> <span class='ocrx_word' id='word_1_195' title='bbox 1001 1998 1026 2043; x_wconf 90' lang='lat' dir='ltr'><strong>et</strong></span> <span class='ocrx_word' id='word_1_196' title='bbox 1043 2001 1249 2057; x_wconf 71' lang='lat' dir='ltr'><strong>persecutionum</strong></span> 
     </span>
     <span class='ocr_line' id='line_1_24' title="bbox 187 2063 1002 2137; baseline -0.01 -14"><span class='ocrx_word' id='word_1_197' title='bbox 187 2085 278 2137; x_wconf 70' lang='lat' dir='ltr'><strong>genera</strong></span> <span class='ocrx_word' id='word_1_198' title='bbox 289 2070 423 2135; x_wconf 83' lang='lat' dir='ltr'><strong>patimint;</strong></span> <span class='ocrx_word' id='word_1_199' title='bbox 434 2078 481 2117; x_wconf 87' lang='lat' dir='ltr'><strong>neo</strong></span> <span class='ocrx_word' id='word_1_200' title='bbox 495 2063 582 2115; x_wconf 82' lang='lat' dir='ltr'><strong>miuus</strong></span> <span class='ocrx_word' id='word_1_201' title='bbox 596 2066 740 2113; x_wconf 77' lang='lat' dir='ltr'><strong>constantes</strong></span> <span class='ocrx_word' id='word_1_202' title='bbox 750 2063 809 2111; x_wconf 89' lang='lat' dir='ltr'><strong>estis</strong></span> <span class='ocrx_word' id='word_1_203' title='bbox 819 2076 896 2124; x_wconf 89' lang='lat' dir='ltr'><strong>quam</strong></span> <span class='ocrx_word' id='word_1_204' title='bbox 907 2063 1002 2127; x_wconf 79' lang='lat' dir='ltr'><strong>fideles.</strong></span> 
     </span>
     <span class='ocr_line' id='line_1_25' title="bbox 196 2130 1250 2205; baseline -0.002 -14"><span class='ocrx_word' id='word_1_205' title='bbox 196 2200 199 2205; x_wconf 20' lang='grc' dir='ltr'><strong>Δ</strong></span> <span class='ocrx_word' id='word_1_206' title='bbox 217 2140 289 2203; x_wconf 81' lang='lat' dir='ltr'><strong>Qudd</strong></span> <span class='ocrx_word' id='word_1_207' title='bbox 301 2151 359 2202; x_wconf 85' lang='lat' dir='ltr'><strong>ergo</strong></span> <span class='ocrx_word' id='word_1_208' title='bbox 370 2135 437 2187; x_wconf 68' lang='lat' dir='ltr'><strong>deus</strong></span> <span class='ocrx_word' id='word_1_209' title='bbox 448 2150 479 2187; x_wconf 86' lang='lat' dir='ltr'><strong>ex</strong></span> <span class='ocrx_word' id='word_1_210' title='bbox 489 2131 663 2185; x_wconf 78' lang='lat' dir='ltr'><strong>misericordia</strong></span> <span class='ocrx_word' id='word_1_211' title='bbox 673 2135 699 2181; x_wconf 87' lang='lat' dir='ltr'><strong>et</strong></span> <span class='ocrx_word' id='word_1_212' title='bbox 711 2130 859 2181; x_wconf 74' lang='lat' dir='ltr'><strong>liberaliore</strong></span> <span class='ocrx_word' id='word_1_213' title='bbox 872 2134 1006 2195; x_wconf 89' lang='lat' dir='ltr'><strong>promtstt,</strong></span> <span class='ocrx_word' id='word_1_214' title='bbox 1020 2131 1086 2185; x_wconf 90' lang='lat' dir='ltr'><strong>lllud</strong></span> <span class='ocrx_word' id='word_1_215' title='bbox 1095 2136 1170 2188; x_wconf 86' lang='lat' dir='ltr'><strong>vobis</strong></span> <span class='ocrx_word' id='word_1_216' title='bbox 1181 2151 1250 2190; x_wconf 85' lang='lat' dir='ltr'><strong>nuno</strong></span> 
     </span>
     <span class='ocr_line' id='line_1_26' title="bbox 188 2204 1004 2270; baseline -0.017 -9"><span class='ocrx_word' id='word_1_217' title='bbox 188 2209 325 2270; x_wconf 80' lang='lat' dir='ltr'><strong>extustittd</strong></span> <span class='ocrx_word' id='word_1_218' title='bbox 337 2212 363 2257; x_wconf 90' lang='lat' dir='ltr'><strong>et</strong></span> <span class='ocrx_word' id='word_1_219' title='bbox 374 2204 493 2259; x_wconf 83' lang='lat' dir='ltr'><strong>fidelitate</strong></span> <span class='ocrx_word' id='word_1_220' title='bbox 503 2204 585 2253; x_wconf 88' lang='lat' dir='ltr'><strong>debet.</strong></span> <span class='ocrx_word' id='word_1_221' title='bbox 1001 2223 1004 2224; x_wconf 26' lang='grc' dir='ltr'><em>ν</em></span> 
     </span>
     <span class='ocr_line' id='line_1_27' title="bbox 203 2271 1249 2341; baseline -0.001 -12"><span class='ocrx_word' id='word_1_222' title='bbox 203 2277 403 2341; x_wconf 55' lang='grc' dir='ltr'><strong>γ’111111111111111111</strong></span> <span class='ocrx_word' id='word_1_223' title='bbox 418 2286 475 2335; x_wconf 81' lang='lat' dir='ltr'><strong>ergo</strong></span> <span class='ocrx_word' id='word_1_224' title='bbox 490 2276 579 2323; x_wconf 76' lang='lat' dir='ltr'><strong>vestre</strong></span> <span class='ocrx_word' id='word_1_225' title='bbox 595 2273 693 2321; x_wconf 88' lang='lat' dir='ltr'><strong>eertum</strong></span> <span class='ocrx_word' id='word_1_226' title='bbox 711 2272 772 2320; x_wconf 91' lang='lat' dir='ltr'><strong>sunt</strong></span> <span class='ocrx_word' id='word_1_227' title='bbox 787 2271 911 2321; x_wconf 80' lang='lat' dir='ltr'><strong>indictum</strong></span> <span class='ocrx_word' id='word_1_228' title='bbox 922 2274 984 2333; x_wconf 77' lang='lat' dir='ltr'><strong>lusti</strong></span> <span class='ocrx_word' id='word_1_229' title='bbox 1000 2274 1090 2333; x_wconf 85' lang='lat' dir='ltr'><strong>judieii</strong></span> <span class='ocrx_word' id='word_1_230' title='bbox 1109 2287 1163 2337; x_wconf 89' lang='lat' dir='ltr'><strong>quo</strong></span> <span class='ocrx_word' id='word_1_231' title='bbox 1180 2280 1249 2328; x_wconf 86' lang='lat' dir='ltr'><strong>robis</strong></span> 
     </span>
     <span class='ocr_line' id='line_1_28' title="bbox 186 2338 1249 2407; baseline -0.003 -11"><span class='ocrx_word' id='word_1_232' title='bbox 186 2342 253 2400; x_wconf 78' lang='lat' dir='ltr'><strong>Deus</strong></span> <span class='ocrx_word' id='word_1_233' title='bbox 267 2356 373 2407; x_wconf 80' lang='lat' dir='ltr'><strong>regnum</strong></span> <span class='ocrx_word' id='word_1_234' title='bbox 389 2354 465 2393; x_wconf 88' lang='lat' dir='ltr'><strong>suum</strong></span> <span class='ocrx_word' id='word_1_235' title='bbox 477 2340 615 2400; x_wconf 76' lang='lat' dir='ltr'><strong>exjustitia</strong></span> <span class='ocrx_word' id='word_1_236' title='bbox 634 2338 722 2389; x_wconf 85' lang='lat' dir='ltr'><strong>dabit:</strong></span> <span class='ocrx_word' id='word_1_237' title='bbox 737 2350 798 2395; x_wconf 85' lang='lat' dir='ltr'><strong>seu.</strong></span> <span class='ocrx_word' id='word_1_238' title='bbox 818 2352 880 2395; x_wconf 83' lang='lat' dir='ltr'><strong>oum</strong></span> <span class='ocrx_word' id='word_1_239' title='bbox 889 2342 974 2389; x_wconf 82' lang='lat' dir='ltr'><strong>nostri</strong></span> <span class='ocrx_word' id='word_1_240' title='bbox 993 2341 1114 2403; x_wconf 62' lang='lat' dir='ltr'><strong>vulgatus</strong></span> <span class='ocrx_word' id='word_1_241' title='bbox 1129 2348 1249 2405; x_wconf 81' lang='lat' dir='ltr'><strong>patimini</strong></span> 
     </span>
     <span class='ocr_line' id='line_1_29' title="bbox 187 2406 1249 2531; baseline -0.012 -66"><span class='ocrx_word' id='word_1_242' title='bbox 187 2424 262 2531; x_wconf 54' lang='grc' dir='ltr'><strong>οῐὶο,</strong></span> <span class='ocrx_word' id='word_1_243' title='bbox 281 2416 310 2463; x_wconf 90' lang='lat' dir='ltr'><strong>ut</strong></span> <span class='ocrx_word' id='word_1_244' title='bbox 323 2410 468 2463; x_wconf 82' lang='lat' dir='ltr'><strong>ostendatur</strong></span> <span class='ocrx_word' id='word_1_245' title='bbox 481 2406 715 2471; x_wconf 70' lang='lat' dir='ltr'><strong>testemtedleium</strong></span> <span class='ocrx_word' id='word_1_246' title='bbox 727 2414 777 2467; x_wconf 88' lang='lat' dir='ltr'><strong>quo</strong></span> <span class='ocrx_word' id='word_1_247' title='bbox 795 2406 860 2457; x_wconf 81' lang='lat' dir='ltr'><strong>lieus</strong></span> <span class='ocrx_word' id='word_1_248' title='bbox 870 2420 915 2458; x_wconf 83' lang='lat' dir='ltr'><strong>ros</strong></span> <span class='ocrx_word' id='word_1_249' title='bbox 925 2420 1002 2472; x_wconf 77' lang='lat' dir='ltr'><strong>regno</strong></span> <span class='ocrx_word' id='word_1_250' title='bbox 1014 2422 1061 2461; x_wconf 85' lang='lat' dir='ltr'><strong>suo</strong></span> <span class='ocrx_word' id='word_1_251' title='bbox 1075 2411 1166 2473; x_wconf 85' lang='lat' dir='ltr'><strong>dignos</strong></span> <span class='ocrx_word' id='word_1_252' title='bbox 1180 2418 1249 2476; x_wconf 67' lang='lat' dir='ltr'><strong>jum.</strong></span> 
     </span>
     <span class='ocr_line' id='line_1_30' title="bbox 188 2484 266 2535; baseline -0.038 0"><span class='ocrx_word' id='word_1_253' title='bbox 188 2496 220 2535; x_wconf 84' lang='lat' dir='ltr'><strong>ee</strong></span> <span class='ocrx_word' id='word_1_254' title='bbox 236 2484 266 2533; x_wconf 73' lang='lat' dir='ltr'><strong>le</strong></span> 
     </span>
     <span class='ocr_line' id='line_1_31' title="bbox 139 2544 1248 2612; baseline 0.005 -12"><span class='ocrx_word' id='word_1_255' title='bbox 139 2597 144 2607; x_wconf 78' lang='grc'><em>,</em></span> <span class='ocrx_word' id='word_1_256' title='bbox 218 2552 317 2612; x_wconf 81' lang='lat' dir='ltr'><strong>Quanta</strong></span> <span class='ocrx_word' id='word_1_257' title='bbox 332 2551 357 2601; x_wconf 89' lang='lat' dir='ltr'><strong>ei</strong></span> <span class='ocrx_word' id='word_1_258' title='bbox 369 2548 445 2612; x_wconf 85' lang='lat' dir='ltr'><strong>quim</strong></span> <span class='ocrx_word' id='word_1_259' title='bbox 464 2550 529 2599; x_wconf 88' lang='lat' dir='ltr'><strong>mira</strong></span> <span class='ocrx_word' id='word_1_260' title='bbox 543 2547 604 2597; x_wconf 87' lang='lat' dir='ltr'><strong>hine</strong></span> <span class='ocrx_word' id='word_1_261' title='bbox 616 2544 717 2595; x_wconf 79' lang='lat' dir='ltr'><strong>amiens</strong></span> <span class='ocrx_word' id='word_1_262' title='bbox 731 2544 883 2597; x_wconf 75' lang='lat' dir='ltr'><strong>consolatio!</strong></span> <span class='ocrx_word' id='word_1_263' title='bbox 897 2547 1000 2598; x_wconf 83' lang='lat' dir='ltr'><strong>afflietio</strong></span> <span class='ocrx_word' id='word_1_264' title='bbox 1015 2562 1071 2599; x_wconf 89' lang='lat' dir='ltr'><strong>mea</strong></span> <span class='ocrx_word' id='word_1_265' title='bbox 1091 2554 1195 2603; x_wconf 87' lang='lat' dir='ltr'><strong>eertum</strong></span> <span class='ocrx_word' id='word_1_266' title='bbox 1215 2561 1248 2605; x_wconf 89' lang='lat' dir='ltr'><strong>est</strong></span> 
     </span>
     <span class='ocr_line' id='line_1_32' title="bbox 187 2614 1248 2685; baseline -0.003 -15"><span class='ocrx_word' id='word_1_267' title='bbox 187 2620 330 2680; x_wconf 84' lang='lat' dir='ltr'><strong>tudinium,</strong></span> <span class='ocrx_word' id='word_1_268' title='bbox 349 2618 502 2677; x_wconf 78' lang='lat' dir='ltr'><strong>declaratio,</strong></span> <span class='ocrx_word' id='word_1_269' title='bbox 521 2618 678 2667; x_wconf 81' lang='lat' dir='ltr'><strong>ostentamen</strong></span> <span class='ocrx_word' id='word_1_270' title='bbox 698 2618 724 2663; x_wconf 85' lang='lat' dir='ltr'><strong>ei</strong></span> <span class='ocrx_word' id='word_1_271' title='bbox 743 2614 923 2665; x_wconf 83' lang='lat' dir='ltr'><strong>demonstratio</strong></span> <span class='ocrx_word' id='word_1_272' title='bbox 936 2620 998 2677; x_wconf 87' lang='lat' dir='ltr'><strong>justi</strong></span> <span class='ocrx_word' id='word_1_273' title='bbox 1011 2618 1101 2677; x_wconf 80' lang='lat' dir='ltr'><strong>judieii</strong></span> <span class='ocrx_word' id='word_1_274' title='bbox 1117 2617 1181 2682; x_wconf 75' lang='lat' dir='ltr'><strong>liei,</strong></span> <span class='ocrx_word' id='word_1_275' title='bbox 1201 2638 1248 2685; x_wconf 80' lang='lat' dir='ltr'><strong>qun</strong></span> 
     </span>
     <span class='ocr_line' id='line_1_33' title="bbox 187 2682 1248 2751; baseline -0.012 -10"><span class='ocrx_word' id='word_1_276' title='bbox 187 2690 232 2741; x_wconf 82' lang='lat' dir='ltr'><strong>Det</strong></span> <span class='ocrx_word' id='word_1_277' title='bbox 248 2700 324 2751; x_wconf 72' lang='lat' dir='ltr'><strong>regno</strong></span> <span class='ocrx_word' id='word_1_278' title='bbox 337 2687 428 2751; x_wconf 80' lang='lat' dir='ltr'><strong>dignus</strong></span> <span class='ocrx_word' id='word_1_279' title='bbox 438 2686 614 2747; x_wconf 74' lang='lat' dir='ltr'><strong>tudieaborrtu</strong></span> <span class='ocrx_word' id='word_1_280' title='bbox 626 2682 678 2734; x_wconf 81' lang='lat' dir='ltr'><strong>fine</strong></span> <span class='ocrx_word' id='word_1_281' title='bbox 690 2683 796 2745; x_wconf 88' lang='lat' dir='ltr'><strong>mundi,</strong></span> <span class='ocrx_word' id='word_1_282' title='bbox 813 2683 897 2747; x_wconf 78' lang='lat' dir='ltr'><strong>patim</strong></span> <span class='ocrx_word' id='word_1_283' title='bbox 914 2697 1000 2740; x_wconf 86' lang='lat' dir='ltr'><strong>eoram</strong></span> <span class='ocrx_word' id='word_1_284' title='bbox 1017 2688 1112 2749; x_wconf 76' lang='lat' dir='ltr'><strong>angelis</strong></span> <span class='ocrx_word' id='word_1_285' title='bbox 1124 2694 1150 2737; x_wconf 73' lang='lat' dir='ltr'><strong>et</strong></span> <span class='ocrx_word' id='word_1_286' title='bbox 1162 2690 1248 2743; x_wconf 89' lang='lat' dir='ltr'><strong>homi-</strong></span> 
     </span>
     <span class='ocr_line' id='line_1_34' title="bbox 187 2758 667 2809; baseline -0.019 0"><span class='ocrx_word' id='word_1_287' title='bbox 187 2758 274 2809; x_wconf 87' lang='lat' dir='ltr'><strong>nibus.</strong></span> <span class='ocrx_word' id='word_1_288' title='bbox 659 2783 667 2795; x_wconf 81' lang='lat'>-</span> 
     </span>
     <span class='ocr_line' id='line_1_35' title="bbox 217 2821 1247 2891; baseline 0.006 -18"><span class='ocrx_word' id='word_1_289' title='bbox 217 2824 326 2878; x_wconf 77' lang='lat' dir='ltr'><strong>Adltotto</strong></span> <span class='ocrx_word' id='word_1_290' title='bbox 338 2836 394 2874; x_wconf 86' lang='lat' dir='ltr'><strong>mea</strong></span> <span class='ocrx_word' id='word_1_291' title='bbox 407 2836 477 2875; x_wconf 89' lang='lat' dir='ltr'><strong>nuno</strong></span> <span class='ocrx_word' id='word_1_292' title='bbox 494 2824 561 2888; x_wconf 86' lang='lat' dir='ltr'><strong>parit</strong></span> <span class='ocrx_word' id='word_1_293' title='bbox 576 2824 603 2873; x_wconf 90' lang='lat' dir='ltr'><strong>ln</strong></span> <span class='ocrx_word' id='word_1_294' title='bbox 619 2836 661 2873; x_wconf 92' lang='lat' dir='ltr'><strong>me</strong></span> <span class='ocrx_word' id='word_1_295' title='bbox 678 2824 749 2885; x_wconf 74' lang='lat' dir='ltr'><strong>regni</strong></span> <span class='ocrx_word' id='word_1_296' title='bbox 764 2821 808 2873; x_wconf 80' lang='lat' dir='ltr'><strong>liet</strong></span> <span class='ocrx_word' id='word_1_297' title='bbox 826 2826 963 2885; x_wconf 85' lang='lat' dir='ltr'><strong>meritum,</strong></span> <span class='ocrx_word' id='word_1_298' title='bbox 976 2826 1059 2889; x_wconf 88' lang='lat' dir='ltr'><strong>ipsum</strong></span> <span class='ocrx_word' id='word_1_299' title='bbox 1076 2838 1186 2891; x_wconf 75' lang='lat' dir='ltr'><strong>regnum</strong></span> <span class='ocrx_word' id='word_1_300' title='bbox 1205 2832 1247 2882; x_wconf 83' lang='lat' dir='ltr'><strong>elt-</strong></span> 
     </span>
     <span class='ocr_line' id='line_1_36' title="bbox 187 2893 604 2967; baseline -0.007 -23"><span class='ocrx_word' id='word_1_301' title='bbox 187 2893 288 2967; x_wconf 77' lang='lat' dir='ltr'><strong>qurndo</strong></span> <span class='ocrx_word' id='word_1_302' title='bbox 303 2896 424 2957; x_wconf 84' lang='lat' dir='ltr'><strong>pariture.</strong></span> <span class='ocrx_word' id='word_1_303' title='bbox 598 2927 604 2941; x_wconf 92' lang='lat'>.</span> 
     </span>
     <span class='ocr_line' id='line_1_37' title="bbox 218 2972 1247 3094; baseline -0.008 -68"><span class='ocrx_word' id='word_1_304' title='bbox 218 2976 413 3094; x_wconf 45' lang='lat' dir='ltr'><strong>lamentantium</strong></span> <span class='ocrx_word' id='word_1_305' title='bbox 428 2979 451 3025; x_wconf 83' lang='lat' dir='ltr'><strong>et</strong></span> <span class='ocrx_word' id='word_1_306' title='bbox 468 2972 518 3025; x_wconf 81' lang='lat' dir='ltr'><strong>leue</strong></span> <span class='ocrx_word' id='word_1_307' title='bbox 534 2972 706 3025; x_wconf 60' lang='lat' dir='ltr'><strong>tubulatione</strong></span> <span class='ocrx_word' id='word_1_308' title='bbox 719 2978 810 3031; x_wconf 77' lang='lat' dir='ltr'><strong>nostra</strong></span> <span class='ocrx_word' id='word_1_309' title='bbox 829 2977 947 3024; x_wconf 68' lang='lat' dir='ltr'><strong>menam</strong></span> <span class='ocrx_word' id='word_1_310' title='bbox 962 2975 1051 3039; x_wconf 78' lang='lat' dir='ltr'><strong>pluria</strong></span> <span class='ocrx_word' id='word_1_311' title='bbox 1069 2981 1172 3041; x_wconf 81' lang='lat' dir='ltr'><strong>pendas</strong></span> <span class='ocrx_word' id='word_1_312' title='bbox 1189 2997 1247 3046; x_wconf 65' lang='lat' dir='ltr'><strong>ope.</strong></span> 
     </span>
     <span class='ocr_line' id='line_1_38' title="bbox 186 3046 1158 3099; baseline -0.012 0"><span class='ocrx_word' id='word_1_313' title='bbox 186 3052 262 3099; x_wconf 64' lang='lat' dir='ltr'><strong>tuidi·</strong></span> <span class='ocrx_word' id='word_1_314' title='bbox 279 3046 308 3094; x_wconf 80' lang='lat' dir='ltr'><strong>in</strong></span> <span class='ocrx_word' id='word_1_315' title='bbox 326 3058 358 3095; x_wconf 81' lang='lat' dir='ltr'><strong>ue</strong></span> <span class='ocrx_word' id='word_1_316' title='bbox 376 3046 408 3095; x_wconf 73' lang='lat' dir='ltr'><strong>r’s.</strong></span> <span class='ocrx_word' id='word_1_317' title='bbox 848 3059 850 3063; x_wconf 94' lang='lat'>·</span> <span class='ocrx_word' id='word_1_318' title='bbox 952 3085 954 3090; x_wconf 90' lang='lat'><em>.</em></span> <span class='ocrx_word' id='word_1_319' title='bbox 1155 3056 1158 3062; x_wconf 93' lang='lat'>·</span> 
     </span>
     <span class='ocr_line' id='line_1_39' title="bbox 217 3108 706 3174; baseline -0.004 -10"><span class='ocrx_word' id='word_1_320' title='bbox 217 3114 280 3164; x_wconf 82' lang='lat' dir='ltr'><strong>Veri</strong></span> <span class='ocrx_word' id='word_1_321' title='bbox 293 3116 377 3174; x_wconf 86' lang='lat' dir='ltr'><strong>itaque</strong></span> <span class='ocrx_word' id='word_1_322' title='bbox 396 3112 499 3174; x_wconf 82' lang='lat' dir='ltr'><strong>afflietio</strong></span> <span class='ocrx_word' id='word_1_323' title='bbox 514 3112 595 3161; x_wconf 89' lang='lat' dir='ltr'><strong>mater</strong></span> <span class='ocrx_word' id='word_1_324' title='bbox 612 3108 706 3174; x_wconf 78' lang='lat' dir='ltr'><strong>glorie.</strong></span> 
     </span>
     <span class='ocr_line' id='line_1_40' title="bbox 186 3178 810 3245; baseline -0.008 -11"><span class='ocrx_word' id='word_1_325' title='bbox 186 3214 193 3245; x_wconf 92' lang='lat'><strong>·.</strong></span> <span class='ocrx_word' id='word_1_326' title='bbox 218 3182 281 3234; x_wconf 77' lang='lat' dir='ltr'><strong>Vere</strong></span> <span class='ocrx_word' id='word_1_327' title='bbox 296 3185 382 3245; x_wconf 85' lang='lat' dir='ltr'><strong>ltaque</strong></span> <span class='ocrx_word' id='word_1_328' title='bbox 395 3194 456 3232; x_wconf 77' lang='lat' dir='ltr'><strong>erun</strong></span> <span class='ocrx_word' id='word_1_329' title='bbox 468 3180 583 3233; x_wconf 77' lang='lat' dir='ltr'><strong>amabilis</strong></span> <span class='ocrx_word' id='word_1_330' title='bbox 599 3185 624 3231; x_wconf 88' lang='lat' dir='ltr'><strong>et</strong></span> <span class='ocrx_word' id='word_1_331' title='bbox 637 3178 810 3231; x_wconf 89' lang='lat' dir='ltr'><strong>desideranda.</strong></span> 
     </span>
    </p>
   </div>
   <div class='ocr_carea' id='block_1_4' title="bbox 147 3266 1246 4105">
    <p class='ocr_par' dir='ltr' id='par_1_5' title="bbox 184 3266 1246 3471">
     <span class='ocr_line' id='line_1_41' title="bbox 217 3266 1246 3337; baseline -0.004 -17"><span class='ocrx_word' id='word_1_332' title='bbox 217 3274 233 3321; x_wconf 82' lang='grc'><strong>6</strong></span> <span class='ocrx_word' id='word_1_333' title='bbox 252 3274 278 3319; x_wconf 87' lang='lat' dir='ltr'><strong>et</strong></span> <span class='ocrx_word' id='word_1_334' title='bbox 292 3274 317 3319; x_wconf 80' lang='grc'><strong>7.</strong></span> <span class='ocrx_word' id='word_1_335' title='bbox 335 3270 365 3319; x_wconf 83' lang='lat' dir='ltr'><strong>Si</strong></span> <span class='ocrx_word' id='word_1_336' title='bbox 380 3275 462 3319; x_wconf 82' lang='lat' dir='ltr'><strong>tamen</strong></span> <span class='ocrx_word' id='word_1_337' title='bbox 478 3268 577 3331; x_wconf 70' lang='lat' dir='ltr'><strong>iustam</strong></span> <span class='ocrx_word' id='word_1_338' title='bbox 597 3274 631 3317; x_wconf 86' lang='lat' dir='ltr'><strong>ert</strong></span> <span class='ocrx_word' id='word_1_339' title='bbox 646 3270 717 3331; x_wconf 84' lang='lat' dir='ltr'><strong>apud</strong></span> <span class='ocrx_word' id='word_1_340' title='bbox 730 3270 820 3318; x_wconf 84' lang='lat' dir='ltr'><strong>Deum.</strong></span> <span class='ocrx_word' id='word_1_341' title='bbox 838 3266 881 3318; x_wconf 84' lang='lat' dir='ltr'><strong>Gr.</strong></span> <span class='ocrx_word' id='word_1_342' title='bbox 901 3268 1041 3333; x_wconf 68' lang='lat' dir='ltr'><strong>siquidem</strong></span> <span class='ocrx_word' id='word_1_343' title='bbox 1056 3271 1113 3336; x_wconf 76' lang='lat' dir='ltr'><strong>Syr.</strong></span> <span class='ocrx_word' id='word_1_344' title='bbox 1128 3280 1246 3337; x_wconf 69' lang='lat' dir='ltr'><strong>qnando.</strong></span> 
     </span>
     <span class='ocr_line' id='line_1_42' title="bbox 185 3338 1246 3404; baseline 0.006 -15"><span class='ocrx_word' id='word_1_345' title='bbox 185 3340 290 3404; x_wconf 87' lang='lat' dir='ltr'><strong>q&#39;uidem</strong></span> <span class='ocrx_word' id='word_1_346' title='bbox 306 3340 404 3400; x_wconf 71' lang='lat' dir='ltr'><strong>iustum</strong></span> <span class='ocrx_word' id='word_1_347' title='bbox 421 3342 474 3399; x_wconf 87' lang='lat' dir='ltr'><strong>est,</strong></span> <span class='ocrx_word' id='word_1_348' title='bbox 494 3344 542 3389; x_wconf 83' lang='lat' dir='ltr'><strong>ete.</strong></span> <span class='ocrx_word' id='word_1_349' title='bbox 554 3340 639 3399; x_wconf 84' lang='lat' dir='ltr'><strong>itaque</strong></span> <span class='ocrx_word' id='word_1_350' title='bbox 653 3339 692 3397; x_wconf 78' lang='lat' dir='ltr'><strong>si,</strong></span> <span class='ocrx_word' id='word_1_351' title='bbox 704 3350 757 3395; x_wconf 72' lang='lat' dir='ltr'><strong>nen</strong></span> <span class='ocrx_word' id='word_1_352' title='bbox 772 3342 811 3390; x_wconf 87' lang='lat' dir='ltr'><strong>est</strong></span> <span class='ocrx_word' id='word_1_353' title='bbox 823 3338 866 3390; x_wconf 88' lang='lat' dir='ltr'><strong>hle</strong></span> <span class='ocrx_word' id='word_1_354' title='bbox 879 3339 1035 3403; x_wconf 81' lang='lat' dir='ltr'><strong>dubitantis,</strong></span> <span class='ocrx_word' id='word_1_355' title='bbox 1046 3343 1092 3393; x_wconf 79' lang='lat' dir='ltr'><strong>ned</strong></span> <span class='ocrx_word' id='word_1_356' title='bbox 1105 3350 1246 3401; x_wconf 74' lang='lat' dir='ltr'><strong>certissime</strong></span> 
     </span>
     <span class='ocr_line' id='line_1_43' title="bbox 184 3407 728 3471; baseline -0.007 -10"><span class='ocrx_word' id='word_1_357' title='bbox 184 3410 352 3469; x_wconf 76' lang='lat' dir='ltr'><strong>affirmantis3</strong></span> <span class='ocrx_word' id='word_1_358' title='bbox 369 3410 440 3471; x_wconf 84' lang='lat' dir='ltr'><strong>quast</strong></span> <span class='ocrx_word' id='word_1_359' title='bbox 459 3409 554 3458; x_wconf 87' lang='lat' dir='ltr'><strong>dioeret</strong></span> <span class='ocrx_word' id='word_1_360' title='bbox 570 3407 702 3471; x_wconf 76' lang='lat' dir='ltr'><strong>Apostolus</strong></span> <span class='ocrx_word' id='word_1_361' title='bbox 720 3420 728 3451; x_wconf 88' lang='lat'><em>=</em></span> 
     </span>
    </p>

    <p class='ocr_par' dir='ltr' id='par_1_6' title="bbox 184 3478 1244 3682">
     <span class='ocr_line' id='line_1_44' title="bbox 217 3478 1243 3550; baseline 0.011 -22"><span class='ocrx_word' id='word_1_362' title='bbox 217 3478 318 3529; x_wconf 77' lang='lat' dir='ltr'><strong>Etenim</strong></span> <span class='ocrx_word' id='word_1_363' title='bbox 338 3480 360 3529; x_wconf 88' lang='lat' dir='ltr'><strong>si</strong></span> <span class='ocrx_word' id='word_1_364' title='bbox 378 3478 505 3534; x_wconf 85' lang='lat' dir='ltr'><strong>naturalts.</strong></span> <span class='ocrx_word' id='word_1_365' title='bbox 519 3480 623 3540; x_wconf 75' lang='lat' dir='ltr'><strong>equitas</strong></span> <span class='ocrx_word' id='word_1_366' title='bbox 640 3482 667 3527; x_wconf 90' lang='lat' dir='ltr'><strong>et</strong></span> <span class='ocrx_word' id='word_1_367' title='bbox 682 3480 736 3541; x_wconf 83' lang='lat' dir='ltr'><strong>ipsa</strong></span> <span class='ocrx_word' id='word_1_368' title='bbox 752 3482 822 3528; x_wconf 84' lang='lat' dir='ltr'><strong>reeta</strong></span> <span class='ocrx_word' id='word_1_369' title='bbox 840 3480 922 3539; x_wconf 81' lang='lat' dir='ltr'><strong>ratio,</strong></span> <span class='ocrx_word' id='word_1_370' title='bbox 937 3480 1015 3531; x_wconf 86' lang='lat' dir='ltr'><strong>etium</strong></span> <span class='ocrx_word' id='word_1_371' title='bbox 1027 3482 1096 3545; x_wconf 87' lang='lat' dir='ltr'><strong>apud</strong></span> <span class='ocrx_word' id='word_1_372' title='bbox 1109 3484 1243 3550; x_wconf 72' lang='lat' dir='ltr'><strong>hominm,</strong></span> 
     </span>
     <span class='ocr_line' id='line_1_45' title="bbox 184 3547 1244 3615; baseline 0.009 -18"><span class='ocrx_word' id='word_1_373' title='bbox 184 3548 299 3611; x_wconf 65' lang='lat' dir='ltr'><strong>poemat</strong></span> <span class='ocrx_word' id='word_1_374' title='bbox 317 3551 348 3597; x_wconf 88' lang='lat' dir='ltr'><strong>ut</strong></span> <span class='ocrx_word' id='word_1_375' title='bbox 364 3547 427 3598; x_wconf 90' lang='lat' dir='ltr'><strong>alios</strong></span> <span class='ocrx_word' id='word_1_376' title='bbox 446 3548 540 3608; x_wconf 81' lang='lat' dir='ltr'><strong>injusti</strong></span> <span class='ocrx_word' id='word_1_377' title='bbox 556 3548 706 3597; x_wconf 76' lang='lat' dir='ltr'><strong>vexantibus</strong></span> <span class='ocrx_word' id='word_1_378' title='bbox 718 3548 871 3599; x_wconf 85' lang='lat' dir='ltr'><strong>retribuatur</strong></span> <span class='ocrx_word' id='word_1_379' title='bbox 883 3552 996 3612; x_wconf 72' lang='lat' dir='ltr'><strong>ventio,</strong></span> <span class='ocrx_word' id='word_1_380' title='bbox 1009 3556 1036 3601; x_wconf 86' lang='lat' dir='ltr'><strong>et</strong></span> <span class='ocrx_word' id='word_1_381' title='bbox 1048 3552 1244 3615; x_wconf 79' lang='lat' dir='ltr'><strong>injustevexatts</strong></span> 
     </span>
     <span class='ocr_line' id='line_1_46' title="bbox 187 3617 755 3682; baseline 0 -15"><span class='ocrx_word' id='word_1_382' title='bbox 187 3618 339 3668; x_wconf 88' lang='lat' dir='ltr'><strong>eenoedatur</strong></span> <span class='ocrx_word' id='word_1_383' title='bbox 355 3620 453 3679; x_wconf 85' lang='lat' dir='ltr'><strong>requies</strong></span> <span class='ocrx_word' id='word_1_384' title='bbox 464 3619 487 3668; x_wconf 81' lang='lat' dir='ltr'><strong>et</strong></span> <span class='ocrx_word' id='word_1_385' title='bbox 498 3618 513 3667; x_wconf 84' lang='grc'><strong>1</strong></span> <span class='ocrx_word' id='word_1_386' title='bbox 526 3620 606 3682; x_wconf 82' lang='lat' dir='ltr'><strong>punis</strong></span> <span class='ocrx_word' id='word_1_387' title='bbox 620 3617 755 3679; x_wconf 82' lang='lat' dir='ltr'><strong>relaxatio;</strong></span> 
     </span>
    </p>

    <p class='ocr_par' dir='ltr' id='par_1_7' title="bbox 186 3686 1242 3888">
     <span class='ocr_line' id='line_1_47' title="bbox 217 3686 1242 3754; baseline 0.013 -20"><span class='ocrx_word' id='word_1_388' title='bbox 217 3686 316 3746; x_wconf 77' lang='lat' dir='ltr'><strong>Quanto</strong></span> <span class='ocrx_word' id='word_1_389' title='bbox 327 3687 407 3749; x_wconf 67' lang='lat' dir='ltr'><strong>marte</strong></span> <span class='ocrx_word' id='word_1_390' title='bbox 418 3698 519 3748; x_wconf 74' lang='lat' dir='ltr'><strong>equum</strong></span> <span class='ocrx_word' id='word_1_391' title='bbox 530 3691 569 3737; x_wconf 88' lang='lat' dir='ltr'><strong>est</strong></span> <span class='ocrx_word' id='word_1_392' title='bbox 580 3686 648 3749; x_wconf 88' lang='lat' dir='ltr'><strong>apud</strong></span> <span class='ocrx_word' id='word_1_393' title='bbox 661 3686 757 3747; x_wconf 82' lang='lat' dir='ltr'><strong>Deum,</strong></span> <span class='ocrx_word' id='word_1_394' title='bbox 772 3690 899 3750; x_wconf 78' lang='lat' dir='ltr'><strong>ipsiusque</strong></span> <span class='ocrx_word' id='word_1_395' title='bbox 910 3692 967 3741; x_wconf 89' lang='lat' dir='ltr'><strong>tum</strong></span> <span class='ocrx_word' id='word_1_396' title='bbox 976 3692 1087 3754; x_wconf 73' lang='lat' dir='ltr'><strong>insiliit,</strong></span> <span class='ocrx_word' id='word_1_397' title='bbox 1099 3696 1156 3744; x_wconf 90' lang='lat' dir='ltr'><strong>tum</strong></span> <span class='ocrx_word' id='word_1_398' title='bbox 1169 3697 1242 3747; x_wconf 89' lang='lat' dir='ltr'><strong>boni-</strong></span> 
     </span>
     <span class='ocr_line' id='line_1_48' title="bbox 186 3755 1242 3826; baseline 0.012 -21"><span class='ocrx_word' id='word_1_399' title='bbox 186 3755 457 3815; x_wconf 56' lang='lat' dir='ltr'><strong>marturanensis</strong></span> <span class='ocrx_word' id='word_1_400' title='bbox 473 3758 516 3817; x_wconf 90' lang='lat' dir='ltr'><strong>qui</strong></span> <span class='ocrx_word' id='word_1_401' title='bbox 530 3768 574 3808; x_wconf 84' lang='lat' dir='ltr'><strong>vos</strong></span> <span class='ocrx_word' id='word_1_402' title='bbox 586 3760 686 3817; x_wconf 81' lang='lat' dir='ltr'><strong>propter</strong></span> <span class='ocrx_word' id='word_1_403' title='bbox 698 3756 773 3807; x_wconf 88' lang='lat' dir='ltr'><strong>iidem</strong></span> <span class='ocrx_word' id='word_1_404' title='bbox 792 3759 884 3819; x_wconf 81' lang='lat' dir='ltr'><strong>injuste</strong></span> <span class='ocrx_word' id='word_1_405' title='bbox 899 3765 1084 3821; x_wconf 85' lang='lat' dir='ltr'><strong>persequuntur</strong></span> <span class='ocrx_word' id='word_1_406' title='bbox 1100 3776 1188 3826; x_wconf 78' lang='lat' dir='ltr'><strong>plenas</strong></span> <span class='ocrx_word' id='word_1_407' title='bbox 1202 3782 1242 3818; x_wconf 89' lang='lat' dir='ltr'><strong>re-</strong></span> 
     </span>
     <span class='ocr_line' id='line_1_49' title="bbox 187 3822 1045 3888; baseline 0.008 -17"><span class='ocrx_word' id='word_1_408' title='bbox 187 3822 280 3885; x_wconf 87' lang='lat' dir='ltr'><strong>pendet</strong></span> <span class='ocrx_word' id='word_1_409' title='bbox 289 3824 383 3873; x_wconf 81' lang='lat' dir='ltr'><strong>debitns</strong></span> <span class='ocrx_word' id='word_1_410' title='bbox 393 3858 400 3881; x_wconf 87' lang='lat'>‚</span> <span class='ocrx_word' id='word_1_411' title='bbox 411 3825 481 3875; x_wconf 73' lang='lat' dir='ltr'><strong>vonis</strong></span> <span class='ocrx_word' id='word_1_412' title='bbox 493 3827 577 3875; x_wconf 82' lang='lat' dir='ltr'><strong>nutem</strong></span> <span class='ocrx_word' id='word_1_413' title='bbox 588 3828 688 3885; x_wconf 89' lang='lat' dir='ltr'><strong>prepter</strong></span> <span class='ocrx_word' id='word_1_414' title='bbox 697 3838 723 3873; x_wconf 90' lang='lat' dir='ltr'><strong>se</strong></span> <span class='ocrx_word' id='word_1_415' title='bbox 734 3824 858 3875; x_wconf 86' lang='lat' dir='ltr'><strong>tribulatis</strong></span> <span class='ocrx_word' id='word_1_416' title='bbox 868 3826 912 3875; x_wconf 91' lang='lat' dir='ltr'><strong>det</strong></span> <span class='ocrx_word' id='word_1_417' title='bbox 921 3830 1045 3888; x_wconf 80' lang='lat' dir='ltr'><strong>requiem!</strong></span> 
     </span>
    </p>

    <p class='ocr_par' dir='ltr' id='par_1_8' title="bbox 147 3891 1242 4105">
     <span class='ocr_line' id='line_1_50' title="bbox 147 3891 1242 3966; baseline 0.009 -25"><span class='ocrx_word' id='word_1_418' title='bbox 147 3949 151 3957; x_wconf 22' lang='grc' dir='ltr'>ἱ</span> <span class='ocrx_word' id='word_1_419' title='bbox 218 3891 245 3941; x_wconf 88' lang='lat' dir='ltr'><strong>Sl</strong></span> <span class='ocrx_word' id='word_1_420' title='bbox 262 3896 348 3941; x_wconf 84' lang='lat' dir='ltr'><strong>autem</strong></span> <span class='ocrx_word' id='word_1_421' title='bbox 365 3892 415 3943; x_wconf 87' lang='lat' dir='ltr'><strong>hoe</strong></span> <span class='ocrx_word' id='word_1_422' title='bbox 435 3896 509 3953; x_wconf 83' lang='lat' dir='ltr'><strong>exigit</strong></span> <span class='ocrx_word' id='word_1_423' title='bbox 531 3895 584 3954; x_wconf 88' lang='lat' dir='ltr'><strong>ipsa</strong></span> <span class='ocrx_word' id='word_1_424' title='bbox 605 3891 726 3941; x_wconf 87' lang='lat' dir='ltr'><strong>naturalis</strong></span> <span class='ocrx_word' id='word_1_425' title='bbox 741 3897 846 3953; x_wconf 78' lang='lat' dir='ltr'><strong>equitas</strong></span> <span class='ocrx_word' id='word_1_426' title='bbox 864 3900 891 3943; x_wconf 90' lang='lat' dir='ltr'><strong>et</strong></span> <span class='ocrx_word' id='word_1_427' title='bbox 911 3901 979 3945; x_wconf 83' lang='lat' dir='ltr'><strong>reeta</strong></span> <span class='ocrx_word' id='word_1_428' title='bbox 997 3900 1076 3959; x_wconf 84' lang='lat' dir='ltr'><strong>ratio,</strong></span> <span class='ocrx_word' id='word_1_429' title='bbox 1096 3903 1154 3951; x_wconf 89' lang='lat' dir='ltr'><strong>tum</strong></span> <span class='ocrx_word' id='word_1_430' title='bbox 1175 3905 1242 3966; x_wconf 87' lang='lat' dir='ltr'><strong>apud</strong></span> 
     </span>
     <span class='ocr_line' id='line_1_51' title="bbox 187 3958 1242 4030; baseline 0.008 -21"><span class='ocrx_word' id='word_1_431' title='bbox 187 3958 321 4020; x_wconf 87' lang='lat' dir='ltr'><strong>homines,</strong></span> <span class='ocrx_word' id='word_1_432' title='bbox 336 3964 392 4009; x_wconf 90' lang='lat' dir='ltr'><strong>tum</strong></span> <span class='ocrx_word' id='word_1_433' title='bbox 410 3960 477 4021; x_wconf 89' lang='lat' dir='ltr'><strong>apud</strong></span> <span class='ocrx_word' id='word_1_434' title='bbox 498 3960 592 4018; x_wconf 80' lang='lat' dir='ltr'><strong>Deum,</strong></span> <span class='ocrx_word' id='word_1_435' title='bbox 605 3959 785 4008; x_wconf 82' lang='lat' dir='ltr'><strong>etiamsiaultu</strong></span> <span class='ocrx_word' id='word_1_436' title='bbox 799 3960 860 4021; x_wconf 79' lang='lat' dir='ltr'><strong>liei,</strong></span> <span class='ocrx_word' id='word_1_437' title='bbox 878 3968 978 4027; x_wconf 88' lang='lat' dir='ltr'><strong>propter</strong></span> <span class='ocrx_word' id='word_1_438' title='bbox 991 3965 1067 4015; x_wconf 85' lang='lat' dir='ltr'><strong>iidem</strong></span> <span class='ocrx_word' id='word_1_439' title='bbox 1088 3972 1242 4030; x_wconf 74' lang='lat' dir='ltr'><strong>patientibus</strong></span> 
     </span>
     <span class='ocr_line' id='line_1_52' title="bbox 189 4022 1241 4105; baseline 0.017 -30"><span class='ocrx_word' id='word_1_440' title='bbox 189 4022 255 4079; x_wconf 80' lang='lat' dir='ltr'><strong>tenta</strong></span> <span class='ocrx_word' id='word_1_441' title='bbox 269 4027 334 4081; x_wconf 85' lang='lat' dir='ltr'><strong>ieret</strong></span> <span class='ocrx_word' id='word_1_442' title='bbox 349 4028 500 4089; x_wconf 84' lang='lat' dir='ltr'><strong>promissio,</strong></span> <span class='ocrx_word' id='word_1_443' title='bbox 522 4032 549 4077; x_wconf 90' lang='lat' dir='ltr'><strong>et</strong></span> <span class='ocrx_word' id='word_1_444' title='bbox 563 4026 632 4077; x_wconf 90' lang='lat' dir='ltr'><strong>nulla</strong></span> <span class='ocrx_word' id='word_1_445' title='bbox 644 4026 709 4079; x_wconf 82' lang='lat' dir='ltr'><strong>alios</strong></span> <span class='ocrx_word' id='word_1_446' title='bbox 726 4030 820 4090; x_wconf 81' lang='lat' dir='ltr'><strong>injuste</strong></span> <span class='ocrx_word' id='word_1_447' title='bbox 838 4022 1043 4095; x_wconf 81' lang='lat' dir='ltr'><strong>persequentibus</strong></span> <span class='ocrx_word' id='word_1_448' title='bbox 1060 4041 1241 4105; x_wconf 62' lang='lat' dir='ltr'><strong>comminuitur</strong></span> 
     </span>
    </p>
   </div>
   <div class='ocr_carea' id='block_1_5' title="bbox 0 0 1299 4452">
    <p class='ocr_par' dir='ltr' id='par_1_9' title="bbox 0 0 1299 4452">
     <span class='ocr_line' id='line_1_53' title="bbox 0 0 1299 4452; baseline 0 0"><span class='ocrx_word' id='word_1_449' title='bbox 0 0 1299 4452; x_wconf 95' lang='lat' dir='ltr'><strong> </strong></span> 
     </span>
    </p>
   </div>
  </div>
 </body>
</html>
