2575 4459
171 324 207 385 Β
315 316 476 381 sucum
493 320 669 379 bristou
686 321 732 378 tn
749 315 1098 377 msssmmomtsns

203 418 253 483 (Ne
263 420 349 469 tomen
362 417 417 469 ideo
428 417 582 484 turbemini)
591 439 599 481 ς
608 417 691 469 tidelis
701 419 770 467 enim
828 422 855 473 5.
868 420 971 473 Fidelis
980 424 1086 472 autem
1099 419 1187 470 Deus
1197 419 1248 478 est,

170 490 210 539 tii
224 486 305 548 ΒΜ,
331 488 376 549 (1⁰¹
400 500 445 539 ¹0¹
466 489 494 538 ¹¹1
522 487 571 539 ΜΘ
594 486 769 547 titiifirmbltt
794 496 1101 564 quiooniirmnbitroa
1115 501 1251 549 etcusio-

171 568 264 620 uosque
278 558 419 609 liberabitis
432 558 509 609 mulo.
793 576 854 629 (1102
864 575 881 628 p
892 576 976 630 mam,

201 647 317 700 iterobis
330 648 423 712 optime
439 660 529 713 spero,
544 648 770 712 eonioopuequbi
827 655 854 705 t.
876 648 1052 705 Confidimus
1089 655 1200 704 autem
1226 649 1253 700 de

172 730 216 781 per
234 718 278 769 liei
299 721 405 780 pretinm
420 722 445 769 et
460 718 542 769 inuitis
563 720 651 780 modo,
664 720 771 770 etdein-
793 730 873 784 vobis
894 728 924 781 in
944 728 1083 792 pomino,
1116 728 1253 794 quoniam

173 799 232 855 topi
244 787 341 841 inoietis
356 787 518 850 noerosque
530 788 601 837 robis
612 791 739 852 precipio.
794 820 857 874 ω
868 797 1064 875 mamimus,
1075 811 1113 861 et
1122 806 1255 860 facium

308 900 309 903 ¹
794 885 912 941 iacietis.

174 1064 314 1124 bominem,
324 1068 369 1115 ete.
379 1075 466 1114 omues
476 1062 566 1125 unibus
576 1062 744 1113 annuntiatur
756 1060 922 1124 iisnnpeiium
931 1065 1007 1112 noent
1017 1062 1052 1112 ori
1069 1062 1175 1115 iidem.
1190 1064 1255 1114 [indo

173 1137 252 1195 ergoi

204 1204 241 1253 iix
254 1203 389 1256 hominum
401 1202 550 1264 rebellione,
563 1205 666 1251 venanti
679 1198 730 1251 lieo
751 1200 899 1260 resisterem
911 1211 944 1250 ex
959 1200 1100 1251 bominum
1120 1202 1254 1253 obstinata

174 1271 287 1331 melitis,
298 1274 414 1325 tenebrae
426 1272 493 1323 lunis
504 1270 666 1335 prreterente,
682 1271 795 1331 vitioque
808 1269 908 1318 uirtuti.

204 1340 329 1395 Tenebras
340 1346 365 1393 et
374 1343 537 1394 tenebrarum
547 1342 718 1402 amnutepero
726 1356 733 1389 r
742 1336 806 1388 bino
811 1336 939 1401 Evangelii
948 1337 1032 1388 inoem
1043 1340 1071 1388 et
1080 1341 1254 1389 sanctitatem

175 1412 340 1467 reformidant
356 1417 382 1463 et
394 1412 531 1476 repeliunt.

206 1482 235 1531 in
245 1482 316 1533 uitiis
325 1485 351 1531 et
360 1480 571 1543 concupiscentiis
581 1482 635 1530 suis
643 1478 692 1529 sibi
705 1476 807 1541 piaoent
818 1476 896 1526 sinino
910 1475 1091 1539 evangelium,
1102 1479 1180 1529 vitia
1195 1491 1252 1541 pro

175 1548 266 1603 iibens
275 1552 301 1599 et
311 1550 528 1612 concupiscentias
539 1549 678 1611 reprimere
688 1547 851 1610 presentem,
860 1545 977 1595 oderunt.

205 1616 253 1679 Qui
264 1620 292 1669 in
303 1618 372 1667 vitiis
383 1618 430 1666 sibi
441 1614 542 1680 plaoent
554 1628 606 1666 non
617 1614 726 1666 eredunt
734 1613 822 1673 nobis,
832 1614 932 1665 etamsi
942 1612 1163 1671 soiemmsnibns
1171 1622 1251 1680 geste-

175 1700 250 1747 mus,
263 1688 300 1737 ait
312 1686 475 1747 Lactantius,
490 1685 506 1735 t
519 1685 604 1736 Grotio
619 1688 722 1737 otiatus.

206 1757 287 1817 Quem
297 1756 387 1808 merito
401 1760 485 1826 itaque
499 1756 614 1808 christoe
625 1758 704 1808 dixit:
714 1758 768 1808 iioe
777 1760 813 1807 eet
821 1753 950 1819 induisset
963 1755 1066 1815 muntii,
1077 1756 1144 1819 nnio
1156 1758 1250 1811 ditare

177 1835 237 1882 runt
249 1830 359 1879 homines
368 1827 450 1891 osopio
460 1828 572 1879 meires
581 1826 659 1891 unum
671 1828 760 1879 ionem.
929 1852 931 1856 ·

207 1898 287 1961 Quem
297 1899 364 1961 justo
374 1897 472 1949 dietum
485 1900 523 1947 est
537 1896 597 1946 aiibi
609 1898 745 1948 ePerdits'o
759 1901 804 1947 too
818 1910 848 1947 eo
860 1900 896 1956 te,
911 1894 998 1946 iuuet.
1009 1894 1087 1959 Osee,
1100 1901 1143 1948 13.
1158 1902 1188 1949 9.

208 1992 232 2039 i.
244 1988 337 2039 Fidelis
350 1992 435 2037 eutem
443 1987 509 2036 Deru
524 1990 589 2035 eet...
598 1985 671 2049 quusi
682 1984 777 2034 diceret
788 2002 799 2033 a·
919 2021 921 2028 .

208 2057 291 2119 iicet,
300 2060 328 2107 ut
341 2054 414 2118 meo,
425 2054 486 2105 tides
497 2057 612 2103 externos
624 2058 650 2103 et
660 2052 810 2104 domesticos
822 2052 914 2103 hubent
925 2053 1011 2104 hostes
1017 2090 1026 2117 ‚
1035 2052 1140 2107 intimos
1149 2057 1249 2107 soiiioot

178 2132 205 2180 et
215 2128 362 2188 hereticos,
373 2137 406 2176 ne
416 2126 547 2190 propterea
559 2123 716 2181 turbemini,
728 2133 776 2172 neo
789 2134 832 2171 eos
841 2124 961 2172 timentis.

208 2204 300 2253 Fidelis
317 2208 401 2253 nomm
422 2202 489 2250 Denso
507 2204 555 2256 eet,
574 2197 600 2246 id
618 2200 673 2255 est,
689 2196 770 2257 Dens,
787 2198 833 2258 qui
854 2196 958 2247 rebelles
972 2200 999 2247 et
1017 2199 1128 2260 ingratos
1148 2202 1182 2251 in
1203 2214 1247 2251 sua
1287 2203 1288 2210 ’

178 2273 299 2333 relinquit
317 2270 484 2321 obstinatione
503 2270 528 2318 et
539 2264 655 2328 nonin,
666 2276 724 2317 suos
739 2264 825 2317 fideles
844 2270 870 2316 ot
887 2267 936 2318 sibi
951 2267 1096 2321 obedientes
1110 2277 1205 2323 serunt
1225 2276 1248 2321 ei

177 2342 293 2405 protegit

210 2409 257 2458 Vos
271 2421 328 2471 ergo
340 2410 377 2459 sio
388 2406 547 2458 confirmabit
560 2409 588 2458 in
598 2406 649 2458 tide
662 2404 673 2470 i
678 2408 749 2457 siout¹
758 2404 916 2469 oravimus),
931 2408 960 2457 ut
975 2419 1028 2459 non
1039 2412 1245 2473 oonouiiamini;

179 2491 272 2541 vosque
282 2481 317 2527 ite
331 2482 455 2542 proteget,
468 2482 497 2527 ut
508 2488 560 2528 non
570 2481 659 2528 oontro
669 2490 714 2527 vos
723 2476 857 2541 prevaleat
867 2476 981 2529 Satanas.

208 2548 296 2610 bingnn
307 2548 368 2597 hine
380 2546 496 2597 omnibns
506 2546 622 2597 fidelibus
635 2549 664 2596 in
677 2546 757 2595 ibenm
769 2545 879 2596 fiducia:
894 2546 944 2605 Qui
954 2550 1101 2613 eopit,s'pse
1110 2553 1246 2615 perficiet.-

179 2620 223 2681 qui
233 2619 331 2668 vomuit
344 2618 411 2667 etati
424 2616 531 2667 salutem
543 2615 616 2679 elegit
625 2653 631 2676 ,
641 2617 696 2679 ipse
703 2614 863 2681 nontimebit
870 2617 898 2666 in
905 2615 967 2681 tide,
976 2623 999 2669 et
1007 2618 1153 2671 oortodieto
1163 2625 1243 2681 maio,

179 2682 225 2738 seu
235 2687 387 2750 inungue,
399 2699 443 2737 sen
457 2688 488 2737 ab
500 2687 570 2737 omui
586 2684 663 2738 mulo.

208 2758 347 2809 Cavenmns
357 2762 443 2808 tumen
456 2757 597 2809 socordiam
608 2794 615 2819 ,
627 2759 729 2821 propter
746 2758 886 2820 sequentia.

209 2844 233 2892 t.
247 2842 399 2905 confidimns
413 2846 496 2892 anime
508 2840 537 2890 in
550 2840 658 2890 Domino
676 2840 707 2891 rie
726 2839 828 2891 nobie...

208 2912 257 2973 lie,
268 2914 437 2971 eristimnntes
448 2914 531 2961 totum
551 2922 605 2960 esse
619 2910 679 2971 Dei,
693 2912 742 2973 ipsi
757 2922 844 2973 segnes
859 2910 982 2972 evadant,
993 2923 1051 2963 esee
1067 2923 1139 2963 nune
1149 2922 1242 2968 eorum

178 2984 376 3045 cooperationem
387 2980 496 3046 postulat
505 3018 512 3042 ,
521 2981 557 3029 eii
568 2978 770 3042 Theopoyiootus
781 2983 841 3044 post
848 2980 1064 3044 chrysostomum.

209 3048 283 3112 Quasi
294 3052 388 3101 dioeret
400 3068 406 3097 ι
419 3049 485 3100 Deus
499 3046 602 3109 quidem
620 3046 702 3098 tidelis
719 3052 773 3110 est,
785 3052 810 3098 et
823 3050 927 3099 omnino
940 3049 1016 3100 iooiet
1024 3062 1081 3113 qum
1098 3064 1146 3104 sua
1161 3059 1239 3118 sunt,

179 3120 222 3169 sed
233 3122 254 3167 si
265 3130 309 3167 voe
321 3120 398 3167 etiem
409 3117 557 3181 operemini.
568 3114 770 3179 'theophylactus
783 3120 809 3166 et
821 3117 1023 3180 chrysostomus.

206 3188 279 3240 liubit
296 3188 362 3237 Dens
376 3186 482 3237 salutem
499 3198 576 3247 quem
591 3189 721 3249 promisit,
735 3187 819 3238 sedni
831 3190 962 3250 promisit;
975 3190 1062 3253 idest,
1078 3193 1100 3241 si
1114 3192 1237 3257 velimus,

178 3262 204 3308 ot
213 3269 271 3307 enm
280 3256 428 3305 audiamus:
441 3265 493 3303 non
505 3256 572 3303 enim
580 3256 696 3316 promisit
704 3254 830 3316 obsolute,
839 3268 920 3317 neque
928 3262 1050 3320 tanquam
1059 3260 1134 3323 iignis
1143 3266 1168 3313 et
1176 3263 1239 3327 iapi-

178 3327 268 3387 siibns3
279 3324 322 3375 sori
343 3327 372 3373 ut
391 3322 550 3381 hominibus,
561 3320 647 3372 liberis
658 3323 752 3373 soiiioet
761 3327 787 3374 et
797 3324 948 3377 volentibus.
961 3327 1000 3377 lix
1009 3328 1039 3379 b.
1051 3329 1236 3393 chrysostomo.

207 3396 316 3458 Uterque
330 3394 359 3445 i).
373 3392 566 3463 chrysostomus
579 3394 604 3443 et
616 3392 817 3458 theophylactus
830 3395 975 3459 expendunt
990 3397 1042 3449 divi
1052 3398 1125 3451 Pauli
1138 3404 1236 3465 sapien·

178 3468 242 3519 tiam
253 3466 293 3517 his
304 3464 424 3517 inseritis
438 3482 446 3513 r

212 3541 364 3604 confidemus
376 3542 404 3591 in
414 3538 521 3590 Domino
538 3537 568 3589 de
584 3538 685 3590 uobis...

209 3610 318 3673 Quibus,
337 3612 472 3673 inquiunt,
489 3608 582 3661 Paulus
599 3612 635 3663 ito
646 3610 743 3662 indioat
755 3611 840 3661 totum
849 3608 865 3659 t
874 3606 925 3660 beo
943 3610 1107 3674 penderemt
1123 3616 1151 3665 ot
1159 3618 1234 3668 etiem

179 3684 263 3735 totum
275 3680 382 3744 pendent
393 3683 408 3731 i
419 3680 500 3731 nobie.

214 3756 365 3819 confidimus
383 3756 411 3805 in
427 3754 551 3813 Domino,
568 3754 595 3804 iri
614 3756 666 3816 esi,
684 3754 790 3806 bonitati
807 3754 853 3805 bei
872 3765 928 3818 qum
944 3765 990 3807 vos
1007 3755 1232 3811 ooniortabit-Hoe

181 3826 292 3879 ostendit
308 3830 388 3874 toturn
405 3824 484 3875 iiieo
497 3821 614 3887 pendere.

211 3896 275 3957 Sed,
288 3908 320 3947 ne
331 3898 460 3957 propterea
475 3897 523 3958 ipsi
536 3895 599 3945 tieut
613 3894 760 3955 otiosiores,
773 3892 843 3944 addit
856 3911 864 3943 ε
881 3894 1035 3959 omisimus
1045 3895 1075 3946 in
1086 3897 1190 3949 nonno
1203 3901 1231 3950 cie

180 3966 252 4017 oobs'a
267 3962 334 4027 poio
346 3962 430 4027 [oritis
445 3968 468 4013 et
479 3962 574 4025 fucinis
589 3986 597 4013 .·
614 3956 795 4021 ouibusrebu
803 3961 1075 4018 miieatitatotumin
1085 3962 1165 4019 Mum
1179 3979 1230 4020 omo

181 4032 363 4100 reiioieuinm,
374 4034 403 4103 nt
417 4042 464 4085 nos
478 4033 555 4087 etiem
568 4040 712 4097 operemur.
