2575 4459
285 319 798 388 lmfflmfflwsw.
817 326 884 383 tu.
1039 320 1115 384 'w

48 524 1116 589 mmmmmmnmumnmuunmm

163 708 465 817 “annuns
493 698 958 819 ctnrnrs'snnrnn.

503 954 654 979 -ιώ

50 1062 239 1161 Accusamus
247 1106 396 1173 Apostolus
407 1106 540 1175 grandem
550 1106 585 1160 de
597 1106 707 1162 sublimi
721 1106 821 1163 Christi
836 1108 992 1165 sacerdotio
1005 1114 1112 1166 sermo·

50 1204 133 1256 nem,
146 1191 328 1257 promissum,
338 1204 364 1244 e.
373 1193 400 1255 ὕ,
410 1191 493 1260 tell,
505 1190 541 1243 ad
548 1202 633 1259 quern
642 1191 678 1244 ah
687 1201 722 1246 eo
730 1192 806 1258 loco,
818 1200 926 1246 mentes
935 1193 1113 1249 llehroeorum

50 1276 234 1347 praepararit,
249 1280 277 1329 et
289 1274 325 1327 ad
337 1288 422 1341 quem
433 1274 581 1327 transitum
592 1274 646 1328 sthi
658 1274 723 1329 tecit
732 1276 832 1330 nltlmo
844 1290 925 1329 versu
936 1317 944 1340 ,
957 1291 1019 1345 cap.
1033 1280 1060 1333 6.

87 1363 122 1415 ut
133 1359 199 1427 enuit
211 1358 334 1414 tkluns
344 1357 477 1413 ”cardos
486 1364 530 1413 est
543 1357 698 1412 secundum
710 1356 837 1413 ordinem
848 1358 1065 1426 Melchisedech,

85 1443 343 1513 llinoprimsrcrsu
352 1441 497 1495 historiam
504 1440 950 1511 llelchisedechhreriterexponit
960 1457 993 1497 er
1002 1440 1112 1498 Genesi.

86 1526 216 1581 secundo
227 1531 255 1579 et
268 1525 350 1579 tertio
360 1538 441 1579 versu
454 1526 528 1580 illam
537 1524 644 1581 Christo
657 1526 774 1595 mystice
785 1526 826 1581 sic
837 1526 969 1595 applicat,
981 1532 1013 1580 ut
1024 1532 1116 1581 osten·

51 1610 102 1665 dat
117 1609 211 1665 omnia
220 1610 249 1663 in
260 1608 461 1663 llelchisedech
471 1608 557 1663 luisse
565 1610 666 1665 Christi
674 1610 794 1678 ligures:
807 1616 836 1665 et
845 1624 959 1676 nomen,
969 1617 997 1665 et
1006 1610 1113 1676 civitas,

53 1701 82 1749 et
93 1700 197 1759 status,
211 1698 239 1747 et
257 1692 416 1763 generatio,
434 1697 463 1747 et
478 1692 588 1749 duratio
606 1693 720 1749 luerunt
730 1694 830 1749 Christi
846 1700 875 1750 et
891 1695 952 1763 ejus
968 1693 1116 1749 sacerdotii

50 1778 223 1847 prophetica.

87 1865 110 1917 Δ
123 1868 224 1931 qrrsrto
235 1875 318 1917 versu
330 1860 367 1916 ad
376 1860 572 1929 undecimum,
581 1860 638 1917 duo
655 1862 795 1931 precipuo
807 1862 889 1917 nohis
901 1862 1012 1917 exhibet
1022 1861 1116 1916 consi-

51 1947 192 2012 deranda,
204 1959 267 2013 quse
279 1945 425 2000 manifeste
433 1946 553 2013 probant
560 1947 759 2001 Melchisedech
768 1986 776 2011 ,
786 1947 903 2014 liguram
912 1947 1021 2009 Christi,
1031 1960 1115 2013 super

50 2030 204 2097 Abraham,
215 2035 242 2084 et
253 2035 459 2099 consequenter
471 2044 555 2099 super
563 2032 625 2087 heri
634 2036 663 2085 ct
670 2030 805 2085 Leviticae
813 2030 984 2099 sacerdotes,
999 2030 1116 2085 shrahm

53 2120 200 2184 posteros,
215 2114 398 2169 excelluisse:
784 2133 787 2138 ·

84 2196 227 2265 Primirm,
242 2198 319 2266 quod
337 2196 476 2255 Abraham
487 2199 588 2257 lubens
605 2204 633 2257 et
652 2198 727 2255 nulla
746 2199 807 2268 lege
823 2204 951 2264 coactus,
969 2200 1114 2255 llelchise-

51 2282 156 2348 dechc,
174 2281 313 2337 Christum
334 2283 560 2349 representanti,
577 2282 700 2338 decimas
719 2282 795 2336 dedit
816 2297 868 2350 pro
889 2297 920 2335 se
940 2288 968 2336 et
986 2298 1039 2351 pro
1055 2290 1114 2339 tota
1195 2275 1198 2279 ⁴

52 2380 103 2419 sua
120 2366 265 2433 prosapia,
277 2370 305 2420 ct
321 2370 527 2433 consequenter
542 2380 593 2433 pro
607 2368 687 2431 Levi,
705 2372 772 2421 tunc
786 2366 816 2419 in
834 2366 972 2420 Abraham
987 2366 1112 2432 incluso;

49 2450 160 2517 hacque
171 2449 343 2503 decimarum
353 2449 489 2516 pensione
501 2449 759 2515 llelchisedechum‚
770 2456 798 2502 et
809 2454 1014 2517 consequenter
1026 2450 1115 2503 Chris-

51 2540 112 2585 tum
132 2530 244 2599 agnovit
258 2537 286 2586 et
304 2532 447 2600 protessus
466 2539 508 2587 est
529 2532 668 2589 Abraham
683 2547 715 2589 se
733 2539 763 2588 et
776 2534 836 2587 suis
851 2534 982 2587 omnihus
995 2533 1115 2602 posteris

51 2616 232 2669 sacratiorem
245 2622 273 2669 et
284 2616 514 2684 praestantiorem.

85 2698 262 2764 Secundhm,
275 2700 352 2767 quod
363 2700 577 2767 Melchisedech,
589 2705 621 2755 ut
637 2700 737 2755 Christi
748 2699 849 2767 figura,
860 2700 952 2767 ipsum
965 2700 1112 2767 hhraham,

48 2790 158 2851 patrem
175 2788 300 2851 patrum,
317 2787 374 2837 lieo
386 2784 596 2851 charissimum,
607 2783 655 2837 cui
667 2786 740 2837 hene
751 2788 793 2838 tot
804 2783 905 2837 eximia
918 2783 992 2836 hona
1006 2784 1114 2850 promi-
1185 2803 1190 2817 ¹

48 2873 141 2931 serat,
157 2867 312 2934 benedixit,
323 2874 456 2935 tanquam
466 2882 496 2920 se
508 2868 658 2923 minorem.

85 2954 125 3005 lix
138 2952 182 3005 his
192 2952 302 3006 duobus
319 2952 392 3006 hene
409 2951 592 3005 consideratis
607 2950 728 3018 colligite
745 2955 867 3017 quantus
884 2955 912 3003 et
926 2950 1016 3018 qualis
1031 2951 1114 3006 tuerit

48 3034 265 3100 Melchisedech,
279 3041 327 3106 aut
339 3034 432 3103 potius
444 3035 568 3089 Christus
580 3034 596 3087 i
609 3033 827 3088 llelchisedecho
835 3039 1068 3100 repraesentatum

84 3122 120 3171 lit
129 3118 196 3173 hinc
207 3119 349 3188 agnoscite
364 3118 448 3186 quim
465 3118 643 3185 prestantius
655 3116 691 3171 sit
704 3115 931 3182 llelchisedechi,
947 3130 998 3170 seu
1013 3117 1113 3173 Christi

49 3202 257 3267 sacerdotium,
270 3204 400 3257 Levitico.
511 3222 517 3232 ·

85 3290 110 3341 Δ
122 3286 151 3356 i.
162 3288 196 3339 lt
210 3286 246 3339 ad
260 3289 296 3339 ts
304 3286 405 3353 prohat
417 3298 467 3353 per
478 3275 810 3350 Christum,'sacerdotem
821 3281 975 3337 secundhm
986 3278 1114 3339 ordinem

49 3368 268 3435 llelchisedeeh,
283 3367 434 3422 leviticum
447 3368 633 3422 sacerdotium
646 3372 674 3420 et
687 3368 778 3436 legem
794 3366 941 3421 llosaicam
950 3401 958 3433 ,
968 3379 1032 3435 que
1047 3367 1114 3422 huic

50 3452 210 3508 sacerdotio
227 3465 335 3505 annexa
350 3455 405 3516 est,
422 3449 507 3505 luisse
521 3452 663 3519 abrogata.

84 3536 233 3591 individua
246 3541 289 3590 est
303 3534 451 3590 sacerdotii
460 3534 571 3587 Levitici
585 3539 613 3586 et
622 3532 691 3601 legis
701 3532 827 3587 ltosaicae
837 3531 987 3587 concordia
1002 3532 1113 3588 :ablato

50 3622 148 3689 itaque
160 3620 214 3675 hoc
229 3619 386 3674 sacerdotio
398 3624 426 3671 et
443 3617 472 3669 in
489 3615 667 3669 excellentius
685 3615 835 3681 translato,
849 3621 877 3669 et
891 3617 935 3670 lex
954 3616 1014 3685 ipsa
1030 3618 1114 3673 cessit

49 3714 78 3760 et
90 3705 120 3757 in
132 3704 249 3757 meliora
260 3702 392 3757 translata
406 3700 468 3754 luit.

84 3788 215 3843 llhlatum
226 3790 321 3839 autem
337 3784 523 3839 sacerdotium
535 3780 624 3836 theri
636 3779 737 3847 prohat
748 3780 895 3846 apostotus
907 3795 941 3835 ex
960 3784 1115 3840 mutatione

48 3870 156 3938 trihus,
171 3870 199 3943 ᾗ.
210 3872 260 3937 tl,
272 3883 306 3923 ex
317 3867 470 3922 mutatione
482 3864 605 3932 ordinis,
614 3864 642 3933 i.
652 3865 700 3930 15,
711 3877 745 3916 ex
756 3862 909 3917 mutatione
918 3862 1112 3937 ordinationis,

87 4036 116 4106 ᾇ.
130 4037 165 4091 ld
174 4038 256 4093 otte.
266 4031 355 4107 liuius
365 4030 553 4093 translationis
564 4028 670 4103 profert
679 4026 824 4091 radonest
