2575 4459
192 225 228 285 θθ
386 226 517 301 BRlbiAE
537 226 743 282 EPISTOLAE
762 225 811 278 ΔΙ)
830 222 1066 278 aiaoaaaiiii

122 324 124 331 '
221 318 350 373 concludo
363 320 513 384 simpliciter
536 325 561 371 et
578 321 610 372 ed
629 320 741 372 litteram
753 319 910 370 credendum
923 332 978 369 esse
993 318 1023 368 ii.
1035 286 1252 379 PauloJGentim

191 390 325 455 iponem,
344 392 509 452 veritatisque
521 390 635 450 doctori,
648 390 787 441 formaliter
802 393 829 437 et
843 388 957 451 expresse
971 388 1085 438 dimoti:

221 468 288 515 Dens
296 464 354 515 oali
369 478 453 515 omnes
466 464 578 516 bominac
587 465 671 516 soloce
683 465 749 529 fieri.

221 534 380 585 Credendum
393 540 419 585 et
433 535 463 585 ll.
482 535 556 585 Petro
567 573 574 597 ‚
586 535 764 599 Apostolorum
778 534 904 597 principi,
920 532 1041 583 Ecclesia
1051 531 1222 583 fundamento
1236 532 1253 579 et

190 606 304 657 veritatis
315 604 457 667 columnae,
470 604 632 657 confirmanti
648 604 757 654 Paulum
769 608 794 653 et
807 606 880 665 quasi
888 602 1033 665 explicanti.

221 694 288 745 Deae
295 694 351 744 aab
363 707 445 745 omnes
456 694 567 745 nomime
576 692 661 743 salvos
670 692 742 753 fieri,
756 693 794 741 alt
805 690 908 743 Paulas.

221 781 311 833 Neleia
321 781 421 845 aliquos
433 782 531 845 perire,
548 782 593 831 aad
611 792 695 830 omnes
706 780 742 829 ed
751 779 924 842 vanitantium
936 778 1029 829 renen
1039 814 1047 833 .
1057 779 1096 827 ait
1106 776 1141 827 ii.
1151 776 1217 826 Patr.
1229 787 1253 824 ss

192 852 283 905 eunde
294 854 368 915 epist.
380 866 436 915 cap.
449 856 473 913 3,
490 866 517 902 ιι.
526 856 551 903 a.

221 922 287 973 dece
297 924 430 972 veritatem
440 922 555 971 eamdem
566 958 573 982 ‚
584 918 801 983 propositionibus
816 918 887 981 eque
906 915 1113 978 universalibus,
1128 920 1189 967 tum
1204 917 1253 964 alir-

190 992 309 1050 mativis,
321 994 377 1039 tum
389 990 528 1051 negativis,
540 990 555 1037 ι
567 988 666 1037 duobus
676 990 811 1051 praecipuis
822 987 947 1050 apostolis
955 986 1097 1037 formaliter
1112 999 1252 1051 expressam,

191 1064 217 1111 et
234 1058 323 1110 multis
333 1061 349 1109 a
361 1059 392 1109 ll.
405 1058 482 1109 Paulo
497 1058 640 1108 rationibus
653 1058 802 1119 probatam,
812 1071 839 1107 n.
854 1059 907 1107 bet
924 1060 949 1106 6.

221 1128 315 1191 [liquid
329 1128 495 1179 dubitamus?

165 1248 168 1259 ,
223 1199 518 1261 Quia‚lnquis‚magnae
528 1197 590 1247 hinc
601 1194 761 1247 difficultates
771 1198 899 1247 oriuntur.

222 1268 311 1319 Fateor
323 1286 331 1319 r
345 1268 388 1317 sed
402 1268 503 1330 primo,
520 1279 553 1315 au
565 1268 677 1314 minores
690 1267 809 1314 oriuntur
824 1264 943 1325 exbujus
952 1263 1069 1313 veritatis
1082 1266 1221 1327 opposito?

221 1337 357 1399 Secundi,
377 1350 411 1387 an
428 1340 530 1400 propter
546 1333 706 1383 difficultates
721 1346 755 1383 ‚ex
768 1333 853 1394 aliqud
867 1336 974 1383 veritate
989 1338 1146 1391 nascentes,
1165 1335 1220 1384 licet
1232 1332 1253 1381 da

192 1408 280 1458 eidem
290 1408 396 1457 veritate
408 1404 547 1455 formaliter
561 1407 586 1452 et
596 1402 711 1465 expresse
722 1402 833 1452 revelent
844 1402 979 1451 dubitaret

221 1477 305 1539 Quot,
323 1486 423 1535 quaeso,
435 1472 594 1522 difficultates
612 1484 644 1521 ex
662 1474 784 1532 mysterio
802 1472 968 1521 sanctissime
988 1471 1145 1523 Trinitatis!
1158 1479 1217 1537 quot
1232 1485 1253 1521 er

191 1546 312 1607 mysterio
331 1544 497 1593 sanctissime
507 1542 707 1591 incarnationis!
717 1553 748 1589 ex
761 1542 882 1603 mysterio
893 1542 1060 1589 mestissima,
1075 1543 1253 1593 Eucharistiae?

222 1614 272 1663 lias
286 1624 377 1663 omnes
397 1624 561 1675 superamus,
576 1612 636 1673 quia
651 1610 706 1661 bec
718 1612 840 1672 mysteria
853 1609 992 1660 formaliter
1007 1612 1035 1660 iu
1046 1611 1194 1675 scripturis
1208 1620 1253 1662 sont

191 1683 311 1733 revelate.
1057 1721 1061 1726 .

222 1752 264 1803 Sic
284 1757 308 1801 et
326 1750 476 1815 superanda
492 1748 653 1801 difficultates
669 1762 701 1802 ex
716 1750 766 1801 bio
780 1751 885 1800 veritate
901 1753 1051 1811 nascentes,
1062 1754 1129 1813 quia
1149 1755 1204 1818 ipsa
1221 1768 1253 1802 ea-

196 1822 281 1887 presse
293 1822 411 1872 revelata.

223 1892 255 1942 iit
266 1891 342 1952 sane,
353 1890 416 1942 licet
426 1889 612 1941 inextricabiles
627 1902 657 1940 ex
675 1890 705 1941 ed
719 1888 878 1940 difficultates
888 1892 1031 1951 orirentur,
1045 1891 1159 1944 mallem
1174 1897 1252 1956 ingenii

191 1964 241 2011 mei
254 1960 453 2011 imbecillitatem
467 1960 539 2010 fateri
552 1958 626 2023 (qun
644 1960 738 2009 divinae
754 1958 893 2008 voluntatis
903 1961 1104 2010 immensitatem
1117 1976 1176 2013 non
1188 1973 1253 2027 potest

190 2032 330 2093 attingere,
345 2030 427 2081 multb
439 2030 525 2079 minus
537 2026 764 2092 comprehendere)
778 2028 855 2089 quim
866 2031 999 2079 veritatem
1010 2032 1046 2079 ita
1062 2029 1209 2083 formaliter
1221 2050 1253 2083 er-

190 2114 303 2164 pressam
315 2105 340 2150 et
350 2100 481 2164 probatam
490 2101 506 2149 a
516 2098 546 2149 Ι).
562 2097 655 2159 Paulo,
668 2102 693 2147 et
702 2097 879 2148 confirmatam
889 2098 905 2147 d
914 2097 945 2148 i).
959 2098 1050 2161 Petro,
1061 2105 1110 2150 aut
1121 2102 1252 2169 denegare.

186 2176 236 2221 aut
247 2172 337 2221 alienis
348 2168 598 2233 interpretationibus
609 2166 767 2229 detorquere.

220 2240 269 2290 Sed
287 2254 339 2290 non
350 2244 411 2289 dunt
422 2238 569 2299 hujusmodi
581 2236 741 2287 difficultates
755 2251 811 2300 qun
829 2236 873 2289 hic
883 2242 986 2301 possent
1000 2239 1097 2303 obiici,
1110 2248 1138 2293 et
1150 2260 1215 2307 quas
1226 2252 1254 2295 ta·

190 2322 250 2359 men
268 2309 426 2359 scholasticis
437 2307 553 2369 relinquo
570 2308 702 2358 solvendas
718 2327 726 2358 r
742 2310 803 2370 quia
821 2309 866 2359 bie
879 2308 952 2359 laem
966 2323 1019 2359 non
1035 2315 1074 2361 est
1094 2312 1253 2378 disputandi,

190 2378 234 2428 aed
247 2382 359 2445 mentem
371 2379 400 2427 il.
415 2376 486 2427 Pauli
496 2380 523 2427 in
536 2380 589 2427 suis
602 2378 687 2428 verbis
696 2378 857 2441 agnoscendi.

221 2448 394 2511 Agnoscamus
416 2450 501 2509 ltaque
519 2449 670 2507 veritatem,
685 2453 711 2496 et
721 2450 776 2512 ipsa
795 2449 932 2502 benenate
947 2450 1131 2503 difficultatum
1146 2460 1254 2507 tenebras

189 2515 336 2579 dissipabit¹
348 2515 503 2578 modumque
519 2517 592 2567 nobis
607 2515 729 2579 prebebit
747 2519 880 2567 veritatem
892 2532 953 2568 cum
971 2522 1080 2570 veritate
1095 2528 1253 2575 conciliandi.

219 2602 364 2653 laniantes
385 2616 411 2655 ιιι
425 2616 513 2655 sineri
536 2615 611 2653 sanat
627 2615 720 2654 vannis
736 2616 859 2656 incoasse.
876 2628 911 2643 ·-
922 2606 1008 2657 Prima
1019 2610 1109 2666 itauue
1126 2618 1224 2666 veritas
1234 2619 1252 2664 io

189 2674 272 2725 verbis
284 2675 313 2725 ll.
327 2673 398 2725 Pauli
412 2675 485 2723 nobis
494 2674 603 2724 revelata
615 2673 670 2725 baec
681 2679 741 2724 este
1040 2692 1043 2695 ·

217 2744 300 2807 Deos,
313 2747 399 2808 utpote
410 2745 527 2795 emulum
540 2744 678 2796 hominnm
688 2747 802 2806 creater¹
813 2745 911 2797 sinent
926 2750 953 2797 et
966 2748 1033 2797 serio
1046 2750 1106 2803 aab
1118 2767 1208 2806 omnes
1218 2758 1250 2805 bo-

188 2816 267 2865 mines
278 2814 362 2865 solvor
372 2814 439 2877 fieri.
816 2840 819 2847 -

218 2884 350 2945 Secunda,
374 2882 440 2933 liene
452 2884 568 2934 omnium
580 2882 718 2936 bominum
727 2887 839 2945 cantor,
851 2886 888 2935 ita
903 2884 969 2935 sarid
979 2889 1005 2936 et
1016 2889 1118 2941 sincere
1133 2894 1196 2944 vult
1208 2909 1253 2943 on-

148 2994 150 2999 .
187 2956 262 3005 nium
284 2954 420 3005 harpinum
440 2952 565 3015 salutem,
579 2958 608 3003 nt
627 2958 760 3017 propterea
777 2953 870 3005 Filium
887 2968 964 3005 suum
984 2958 1155 3018 unigenitum
1179 2964 1253 3013 lesan

188 3024 334 3085 Christum,
345 3024 425 3074 Deum
441 3028 467 3074 et
482 3023 613 3074 hominem
622 3060 629 3082 ‚
638 3024 675 3073 eis
686 3023 806 3075 omnibus
817 3024 915 3073 dederit
924 3024 1014 3074 salutis
1031 3028 1217 3084 mediatorem.

218 3092 302 3141 Tertia
315 3128 323 3152 ,
335 3092 406 3141 lesus
425 3092 556 3152 Christus,
568 3090 721 3153 libandei,
733 3092 905 3153 Homo-liene,
916 3092 1107 3157 bominumque
1127 3114 1195 3152 oum
1215 3104 1254 3151 ileo

188 3159 310 3209 mediator
322 3163 347 3208 et
360 3160 551 3220 reconciliator,
566 3162 600 3209 lta
614 3162 712 3211 sincere
724 3162 781 3212 vult
791 3163 907 3211 omnium
920 3162 1056 3213 bominum
1068 3173 1255 3222 reconciliatio

187 3240 247 3277 nem
260 3231 286 3276 et
298 3227 422 3288 mluiem,
436 3231 466 3277 ut
478 3231 643 3291 semetipsam
656 3230 754 3281 dederit
767 3244 814 3295 pro
834 3231 951 3281 omnibus
970 3231 1132 3288 redimendis
1149 3240 1254 3292 homiui

187 3296 249 3359 bus,
261 3296 361 3359 bacam
373 3296 576 3347 reconciliandis.
700 3346 704 3350 ,
841 3305 843 3308 ·

218 3368 312 3429 Quarta
325 3368 417 3420 veritas
434 3369 461 3417 lu
475 3366 675 3430 precedentibus
685 3369 784 3421 inclusa
796 3390 806 3420 r

216 3437 263 3487 Per
285 3442 310 3487 et
328 3440 429 3501 propter
449 3436 520 3487 bunc
544 3438 661 3487 omnium
681 3438 816 3490 hominurn
838 3439 1046 3503 Redemptorem,
1060 3442 1134 3497 Deus
1156 3453 1256 3511 gatiam

187 3516 274 3569 suam,
288 3509 448 3558 sacramenta
462 3510 487 3557 et
498 3505 550 3555 alie
556 3506 684 3557 mediaad
694 3508 802 3559 salutm
818 3511 975 3570 necessaria,
987 3512 1113 3565 omnibus
1122 3518 1256 3569 subminis·

188 3576 405 3627 tratbominibue.
912 3610 915 3613 >

188 3660 378 3779 eullitrtrtureaana
395 3676 451 3717 aaa
460 3664 507 3715 lim
521 3642 783 3729 rainonis-iiiuc,
796 3667 829 3718 ad
840 3665 999 3731 explicandas
1009 3672 1037 3718 ct
1049 3635 1196 3729 solvendas
1205 3677 1255 3727 ditis

221 3743 312 3859 Goaileizt’a
327 3800 394 3861 qudd
404 3802 460 3853 bae
478 3803 596 3854 voluntas
606 3816 659 3853 non
670 3806 704 3854 sit
712 3804 814 3855 mutim
825 3807 892 3867 signi
904 3811 931 3856 et
947 3810 1016 3855 extra
1029 3807 1117 3861 mom
1128 3852 1137 3874 ‚
1147 3818 1203 3877 qud
1214 3819 1255 3867 sci·

189 3858 327 3984 mulgeas
344 3871 462 3921 amnibus
481 3873 627 3925 bominibus
642 3877 763 3963 proponit
775 3874 1066 3939 docuinamiioaugeiii
1088 3886 1118 3931 et
1135 3895 1256 3948 praeccpu

289 3972 297 3996 ι
