2575 4459
188 297 244 361 {82
363 296 550 356 SECUNDAE
568 298 770 354 EPISTOLAE
788 297 838 353 ln
855 293 1088 353 stilorum

219 396 271 463 (nt
281 408 315 448 ne
328 398 428 449 mireris
449 398 471 445 sl
484 397 529 457 qul
548 398 600 445 sint
619 396 686 445 iuter
700 394 789 446 (ibris-
844 398 891 449 2⁰.
904 398 938 447 ln
949 408 1051 461 magua
1064 399 1163 449 antem
1170 394 1248 449 domo

187 468 272 517 tinnos
287 480 339 517 non
351 468 430 517 sancti
446 469 471 515 et
489 478 541 514 uon
553 464 640 514 fideles
651 462 750 538 ignem
761 467 789 513 ln
810 490 869 529 110„
880 473 971 527 „mm
982 480 1049 525 mg
1058 488 1125 527 vm
1136 489 1217 527 aum
1225 481 1248 527 et

188 533 319 654 istit
331 532 789 664 detractauere
811 548 1249 694 ,pessumo

188 670 306 721 homines
321 670 388 721 ilrml
404 674 430 719 et
448 669 558 719 illustres
575 671 602 719 ln
618 668 668 719 ilde
679 673 704 719 et
713 671 791 730 justi-
869 715 873 724 ,

188 741 243 796 tlte
259 739 303 790 sed
316 742 393 790 edam
406 739 489 801 lignea
502 742 528 787 et
539 742 663 799 testacea,
674 738 791 789 homines

189 807 324 931 griffi,
339 808 439 873 trsglles
449 812 475 861 st
489 806 586 865 lullum
604 809 632 859 ln
650 807 701 860 ilde
720 809 791 859 etin

219 1042 249 1095 lu
260 1044 316 1105 etus
325 1042 407 1095 oeulis
418 1045 477 1094 siro
488 1062 496 1093 ι
508 1044 595 1107 ipsum
613 1044 699 1105 ltaque
711 1040 833 1093 modone
845 1040 944 1092 ridebo

218 1119 335 1171 Direedct
350 1119 384 1170 cb
401 1120 545 1183 inmodate.

219 1188 289 1241 titud
298 1188 400 1255 modest
414 1192 517 1241 externa
531 1186 714 1238 christianismi
732 1184 867 1249 proleuio,
881 1186 904 1235 sl
918 1183 987 1236 mals
1000 1188 1038 1238 stt
1046 1190 1117 1241 vita.

219 1266 293 1316 fides
305 1266 357 1317 rice
368 1264 488 1329 operibus
505 1267 608 1313 mortuo
623 1266 667 1311 ert.
787 1272 790 1277 ·

220 1334 332 1397 Christi,
348 1336 429 1387 sancti
444 1337 470 1383 ei
488 1333 567 1394 iusti,
579 1342 631 1381 non
643 1333 682 1380 est
696 1331 741 1391 qul
754 1331 864 1391 iniustus
875 1332 901 1381 ct
912 1330 995 1381 mains
1005 1335 1056 1383 est.

188 1420 191 1435 ·
219 1404 355 1460 Peccatum
372 1407 467 1465 ergoet
480 1401 631 1463 iniustitiam
647 1411 750 1449 omnem
759 1398 901 1461 fugiamus,
915 1399 1013 1449 bonum
1029 1405 1175 1457 sectemur,

220 1474 268 1524 Per
288 1467 357 1525 bona
374 1486 449 1535 opera
473 1472 633 1523 remensem
656 1473 769 1520 nostram
788 1472 815 1519 ct
833 1468 983 1519 rhodonem
1000 1476 1107 1523 esrum
1131 1474 1254 1526 insumus.

188 1541 221 1595 u.
232 1542 300 1596 Petr.
315 1542 427 1593 secunda
438 1544 512 1606 epist.
523 1544 550 1592 2.

219 1612 296 1663 l’orrd
307 1612 472 1677 praecedentis
481 1612 697 1676 interpretationis
707 1611 811 1661 lnltlnm
827 1614 855 1659 et
867 1611 940 1671 quasi
955 1608 1131 1667 lundameuts
1144 1620 1222 1679 repert
1233 1620 1256 1665 in

189 1682 388 1749 Ghrpsostemo,
402 1685 427 1732 et
438 1681 509 1731 llum
522 1682 642 1733 omuibus
657 1680 715 1731 aliis
724 1681 934 1743 expositionibus,
949 1679 1013 1729 serid
1025 1681 1042 1730 d
1053 1695 1100 1733 me
1122 1688 1256 1737 eonslders-

189 1752 223 1802 tls
233 1752 372 1814 ,'proelero;
385 1753 446 1813 quia
459 1750 515 1801 hec
527 1750 671 1801 naturalior
681 1757 733 1809 est,
742 1754 840 1800 textum
850 1750 983 1799 litteralem
993 1749 1093 1803 darius
1110 1759 1257 1823 explicate

186 1818 301 1884 'Apostoli
311 1825 424 1871 mentem
436 1822 473 1870 sic
482 1822 599 1883 exponit,
613 1824 644 1869 nt
654 1822 741 1870 omnia
754 1820 801 1868 sibl
813 1821 922 1869 lnrleem
933 1818 1090 1873 cesaream.

218 1890 275 1940 Non
286 1893 321 1941 lta
331 1891 395 1940 mibi
412 1890 498 1940 usum
508 1892 547 1939 est
559 1887 660 1939 desitis
677 1888 936 1950 interpretationibus.

222 1962 287 2014 lum
298 1962 359 2023 qula
368 1960 401 2010 ud
410 1959 455 2010 liei
468 1958 568 2009 deoretu
581 1962 756 2018 recurrentes,
767 1956 894 2020 explicant
904 1958 1044 2009 obscurum
1057 1973 1109 2023 per
1121 1964 1256 2026 amusing

219 2036 286 2085 lum
297 2034 376 2095 qula,
390 2035 479 2082 contra
489 2030 519 2080 lt.
537 2028 609 2079 Pauli
621 2031 735 2080 mentem
755 2031 781 2078 et
791 2028 883 2089 verba,
896 2030 940 2089 oni
957 2031 985 2078 in
1004 2031 1061 2092 ipso
1072 2032 1255 2099 fundamenta,

187 2116 234 2155 scu
248 2100 479 2153 fundamentalibus
491 2098 630 2163 lapidibus,
644 2110 676 2148 ex
687 2110 776 2159 more,
787 2096 914 2161 dgnacnla
926 2101 1027 2162 reponit
1039 2120 1050 2153 a
1060 2104 1114 2166 ipsi
1127 2106 1145 2155 e
1161 2114 1256 2170 eontra,

187 2175 217 2224 tn
229 2172 378 2231 lnnmtore,
389 2182 434 2221 sen
445 2168 509 2229 lieo,
521 2167 602 2237 sigilla
613 2168 783 2217 connitunnt.
831 2227 833 2231 ,
982 2170 987 2183 '

221 2242 337 2291 Primum
349 2240 419 2289 enlm
432 2236 591 2300 signaculum
602 2254 612 2287 a
626 2236 702 2290 licuit
715 2236 839 2288 bausens
839 2269 900 2288 ......
919 2235 1045 2302 explicant
1058 2238 1091 2289 de
1100 2244 1258 2305 pratentis

189 2312 252 2371 liei,
265 2323 310 2360 seu
321 2308 550 2373 predestinatione.

220 2380 333 2440 Utraque
342 2381 428 2427 autem
439 2378 468 2426 tn
476 2376 525 2426 lieo
538 2379 590 2438 est,
605 2388 658 2426 non
670 2378 699 2425 ln
714 2376 794 2427 ildeli.

225 2447 340 2509 apperte,
351 2445 512 2508 signaculum
525 2446 594 2508 quod
611 2447 760 2497 inscribitur
774 2445 867 2509 lnpldl',
879 2445 921 2497 rel
932 2449 959 2498 ln
977 2448 1076 2500 annulo
1094 2452 1257 2517 insculpitur.

220 2520 290 2569 lntcr
307 2518 369 2569 abus
380 2517 574 2581 explicationes,
585 2518 675 2581 syrini
683 2520 710 2569 et
718 2517 783 2569 listil
800 2517 933 2582 explicatio
943 2520 1024 2583 magis
1033 2522 1131 2585 placet.
1142 2525 1258 2576 Videatur

188 2590 276 2651 imque
287 2624 294 2649 ,
306 2588 327 2637 sl
340 2600 391 2637 non
400 2586 498 2651 placeat
513 2590 609 2639 nosue.

221 2665 306 2726 tegio
318 2669 507 2725 menesatem
522 2664 606 2713 dome

159 2743 169 2759 ·
220 2733 306 2783 ilirarl
319 2734 376 2795 quis
390 2736 474 2795 posset
483 2732 552 2794 subd
562 2734 630 2783 inter
640 2732 810 2793 christianos,
819 2730 848 2781 ld
860 2735 899 2783 est
906 2768 916 2795 ,
925 2734 992 2784 inter
1005 2732 1093 2785 fideles
1103 2738 1134 2787 et
1149 2743 1257 2801 sanctos,

190 2803 348 2867 reperiantur
359 2800 463 2863 quium
474 2799 587 2852 lnildeles
601 2803 627 2849 et
639 2800 711 2851 mab.

220 2872 291 2923 lianc
307 2874 393 2923 antem
412 2872 574 2921 mirationem
587 2867 662 2918 solvit
678 2868 829 2932 Apostolus,
841 2868 927 2920 dicens
937 2868 1006 2933 qndd
1017 2872 1045 2921 ln
1055 2871 1180 2928 Euelesia
1201 2877 1256 2941 lter,

191 2943 297 2994 sicutin
314 2954 405 3005 magns
422 2939 572 3000 domo,sint
590 2938 675 2987 omnis
689 2941 787 2999 generis
797 2952 866 2989 vass.

172 3006 182 3021 '
219 3016 338 3081 Quem
352 3028 434 3068 coreo
444 3020 468 3065 et
482 3018 616 3079 argenteo,
624 3014 750 3063 nimirum
764 3012 832 3063 tirml
844 3018 870 3064 et
880 3013 990 3066 illustres
1000 3017 1028 3066 ln
1040 3015 1106 3081 ilde,
1118 3021 1151 3070 in
1160 3023 1258 3083 justitia

187 3090 214 3139 et
228 3090 256 3139 ln
271 3087 403 3139 charitate.

217 3156 337 3219 Quadam
361 3155 444 3219 ligneo
465 3160 488 3206 st
503 3154 603 3219 fictilia.
623 3154 669 3206 Gr.
688 3156 797 3204 testacea
813 3174 820 3205 ι
835 3154 947 3217 scilieet,
959 3155 1093 3220 salgues,
1110 3158 1219 3225 tragula
1234 3165 1258 3212 et

188 3225 284 3278 iuilrmt
298 3226 326 3275 ln
339 3223 389 3276 ilde
403 3228 429 3273 et
444 3226 472 3275 tn
483 3224 605 3275 moribus.

221 3301 342 3363 Quodnm
353 3300 381 3350 ic
394 3298 528 3356 bonorem,
543 3297 569 3346 td
583 3302 638 3361 est,
649 3297 796 3349 bonorlilcts
809 3299 897 3350 usibus
911 3301 1039 3364 deputatu.

184 3386 188 3393 ·
213 3376 342 3442 ,odedum
356 3371 467 3435 lnielllge
479 3374 533 3422 mm
545 3384 576 3422 ex
587 3374 671 3423 snrels
678 3376 703 3423 et
714 3375 837 3435 argenteis
846 3373 936 3435 ,quim
947 3386 978 3424 ex
988 3375 1078 3439 ligneis
1088 3380 1116 3427 et
1123 3380 1254 3432 testaceis.

217 3447 260 3497 Sic
275 3447 348 3497 eninv
359 3446 386 3495 ln
403 3442 519 3493 domibus
538 3454 627 3507 regum
640 3443 719 3493 mam
736 3454 797 3493 rasa
809 3447 935 3507 testacea,
951 3447 1032 3497 vitrea
1045 3448 1071 3497 et
1085 3446 1158 3500 luten
1174 3451 1256 3502 bono-

188 3515 268 3567 sliicis
279 3516 432 3580 deputantur
446 3513 543 3563 usibus·

220 3592 341 3651 obedum
358 3592 386 3641 in
399 3588 595 3648 conmmendat,
613 3586 639 3638 ld
655 3591 709 3649 est,
723 3588 751 3638 tn
769 3588 862 3639 vilibus
877 3584 1026 3641 ministeriis
1039 3591 1178 3646 detineto.

215 3658 331 3722 iutelligc
345 3660 440 3723 pariter
456 3658 571 3721 quodam
588 3661 665 3708 etlam
682 3659 713 3707 ei
726 3660 810 3707 aureis
828 3664 855 3709 et
867 3662 1007 3721 argenteis,
1019 3664 1051 3711 nt
1063 3662 1094 3711 ut
1112 3666 1140 3713 in
1152 3666 1254 3727 palatiis

185 3726 332 3792 pilnolpum
341 3733 366 3777 et
373 3728 543 3795 divitumubi
551 3728 668 3777 ridemus
674 3738 705 3777 ex
712 3730 881 3787 argentovasa
890 3728 1017 3780 vilissimis
1026 3731 1116 3781 usibus
1123 3734 1253 3796 deputata.

216 3797 289 3844 Sicut
301 3808 358 3856 ergo
368 3809 443 3845 nerno
455 3800 563 3845 miratur
578 3798 639 3845 sllu
649 3798 748 3855 mugnis
759 3795 875 3847 domibus
882 3796 970 3859 ›sliqua
981 3799 996 3847 t
1008 3799 1181 3862 fragilioribus
1188 3809 1251 3854 rasis

187 3862 354 3922 lrsagantnr,
365 3865 387 3912 si
398 3862 482 3924 aliqua
495 3864 587 3913 vilibus
601 3862 725 3911 destinata
737 3865 884 3913 ministeriis
902 3866 1048 3918 sordescant
1055 3888 1063 3929 ;

217 3928 259 3977 Slo
274 3929 371 3975 mirum
385 3935 487 3978 nonest
503 3930 570 3991 qndd
581 3931 608 3980 ln
619 3928 730 3979 Ecclesia
744 3928 823 3991 adqui
838 3931 937 3993 fragiles
949 3936 1001 3983 sint
1012 3938 1131 3991 morium
1140 3942 1235 3993 sordidi
1242 3962 1250 4003 i

190 3996 269 4058 aliqu
285 3994 368 4056 quoad
379 3994 456 4045 tidem
468 3988 635 4074 isdopntnr,
648 3996 757 4059 euecti
771 4000 905 4095 eiiciantrff
919 4000 1032 4057 emmo.
