2575 4459
286 298 461 355 rurrnnx
479 302 705 361 nxrosrrro.
725 290 878 361 01000
1059 301 1115 361 sss

30 473 1107 525 mmnkseuuunnnummnmmmm

231 656 490 741 ANALYSIS
519 660 729 743 CAPITIS
757 662 929 746 SEXTl.

32 945 214 1044 Horremus
232 986 365 1041 nehraeos
380 992 412 1042 ut
427 988 463 1041 ah
480 986 595 1042 infantia
611 992 760 1054 exeuntes,
773 986 809 1041 nd
827 987 1027 1055 perfectionem
1045 1004 1116 1046 con·

35 1072 171 1124 tendent.
1054 1123 1059 1133 .

77 1157 233 1220 Propterea
247 1154 306 1219 ipse
318 1155 420 1207 Paulus
434 1154 525 1207 inhae
538 1154 656 1220 epistola
671 1154 773 1207 omittit
787 1154 946 1207 christiane
959 1154 1117 1213 00010001-
1201 1193 1204 1196 -

38 1243 149 1299 menta,
162 1236 197 1289 de
210 1236 418 1290 sublimioribus
430 1236 531 1289 divinae
540 1236 685 1303 snpientiae
696 1236 837 1304 mysteriis
846 1241 969 1300 aeturus,
979 1237 1007 1303 i.
1015 1242 1043 1302 1,
1052 1241 1115 1303 m.

75 1320 106 1387 ,1.
123 1322 152 1371 1.
172 1318 214 1371 ld
226 1318 296 1385 quid
313 1320 389 1372 eninr
407 1333 458 1373 vos
472 1321 524 1386 per
540 1320 742 1395 eeteehismnm
756 1332 855 1372 rursus
871 1319 1017 1372 instituere
1033 1326 1061 1373 et
1080 1320 1117 1373 nd

37 1402 218 1468 Baptismum
242 1402 416 1468 disponere?
437 1400 507 1455 (irim
530 1402 709 1473 impossibile
729 1404 765 1455 sit
787 1402 873 1455 semel
892 1401 1060 1468 baptizatos,
1088 1407 1117 1456 et

38 1485 148 1538 deinde
164 1485 321 1552 prolapsos,
340 1485 495 1538 iterumad
512 1486 706 1552 poenitentiam
723 1485 870 1550 renovari,
888 1484 992 1540 senati
1010 1497 1112 1543 noram

42 1570 139 1622 vitam·
150 1568 331 1635 regenerari?

77 1652 107 1719 i.
122 1654 149 1704 ’1.
164 1652 245 1705 'l'eles
258 1652 274 1705 d
291 1652 433 1719 Baptismo
445 1652 517 1719 lapsi
531 1652 654 1706 divinam
666 1654 782 1707 timeant
793 1652 1018 1707 meledictionem
1027 1669 1035 1707 r
1044 1653 1119 1708 sicut

40 1736 121 1789 enim
139 1740 213 1789 terra
229 1734 332 1803 saepids
351 1734 481 1803 irrigate,
503 1736 527 1789 si
544 1736 638 1806 liugos
659 1736 730 1791 ferat
748 1737 847 1801 utiles,
863 1737 1056 1802 benedicitur;
1072 1738 1117 1791 sin

41 1824 140 1871 autem
160 1819 256 1887 spinas
269 1818 409 1886 proteret,
428 1820 617 1887 maledicitur,
636 1825 664 1874 et
675 1820 789 1873 tandem
800 1820 932 1873 incendio
952 1835 1017 1873 eum
1029 1822 1117 1887 spinis

42 1903 197 1968 deputetur
215 1921 223 1958 r
242 1903 282 1957 its
300 1902 394 1957 enims
410 1904 517 1957 ooelesti
536 1918 601 1957 rore
618 1905 746 1968 imbute,
764 1903 981 1960 nisirhonorum
1000 1916 1117 1970 opernm

45 1986 157 2039 fruetus
171 1986 326 2053 producet,
340 1986 488 2041 maledieto
501 1988 627 2054 proxime
640 1993 700 2052 est,
710 1988 738 2055 i.
752 1988 780 2039 8.
864 2022 867 2028 -

79 2070 108 2137 i.
123 2072 150 2122 9.
167 2068 365 2123 1000001000
382 2070 493 2136 dicens,
510 2070 635 2123 meledo
653 2069 734 2122 robis
751 2070 860 2124 ominer
870 2106 878 2133 ,
888 2080 996 2133 rosque
1012 2071 1116 2120 terrem

44 2152 167 2206 arbitrer
178 2152 382 2231 infrugiferam
395 2154 453 2219 imd
463 2152 529 2208 vero
538 2152 655 2209 meliora
664 2160 692 2206 et
700 2152 823 2206 feliciore
832 2149 868 2206 de
879 2150 960 2227 rolris
967 2163 1118 2217 persuasus

48 2252 124 2291 sum.
545 2288 546 2292 ,

85 2322 153 2375 Nori
169 2320 243 2375 enim
261 2334 325 2389 quae
341 2320 425 2375 luerit
443 2326 470 2375 el
482 2334 546 2389 quse
559 2321 595 2375 sil
615 2320 708 2375 adhue
718 2324 812 2374 vestra
830 2318 859 2371 iu
875 2322 988 2371 0000100
1001 2323 1118 2385 propter

46 2411 138 2460 Deum
150 2405 282 2470 cherilus,
294 2410 322 2459 et
333 2404 407 2458 hano
420 2408 495 2459 Deus
511 2402 605 2471 justus
620 2418 766 2472 nunquam
782 2399 975 2467 obliviscetur,
993 2402 1020 2470 i.
1033 2406 1080 2456 10.

83 2492 111 2559 i.
127 2494 172 2543 11.
185 2491 239 2544 Gur
249 2500 316 2557 ergo
327 2489 411 2543 nolris
426 2488 487 2543 haee
500 2488 615 2542 duriore
628 2488 719 2542 dieis?

84 2574 176 2627 Primo
187 2613 194 2639 ,
207 2577 239 2627 ut
251 2572 449 2639 unusquisque
466 2572 589 2627 restrum
607 2571 738 2627 eumdem
757 2570 898 2625 eharitatis
912 2569 1049 2623 terrorem
1064 2571 1118 2624 lm-

47 2663 130 2722 beat,
148 2670 206 2711 non
219 2657 290 2711 desit
302 2671 391 2722 nnus;
406 2656 546 2722 secundo,
562 2669 599 2709 ne
610 2654 683 2711 forte
694 2668 793 2721 segnes
806 2654 835 2705 in
849 2658 995 2721 posterum
1015 2654 1118 2707 efficie-

48 2744 135 2807 mini;
154 2742 254 2806 tertio,
273 2746 318 2807 ut,
339 2742 488 2815 ¹econtra,
510 2742 672 2794 sanctorum
690 2738 857 2801 imitatores,
871 2736 927 2791 fide
941 2742 969 2789 et
985 2738 1119 2801 patientie

50 2825 245 2895 perseveretis,
258 2830 288 2879 et
307 2824 461 2891 prolicistis
477 2823 508 2877 in
518 2823 610 2889 bono,
630 2821 729 2889 sieque
747 2834 812 2875 eum
828 2820 882 2873 illis
895 2816 1119 2886 promisssione

51 2908 218 2964 lraeredltetis
229 2948 237 2974 ,
250 2909 278 2977 i.
291 2910 337 2961 ln.
728 2944 738 2949 »-

86 2994 115 3061 i.
124 2996 168 3046 lli.
180 2990 377 3067 Recordemini
394 2990 527 3057 Ahrelrae,
539 2989 643 3057 quante
654 2988 710 3041 fide
721 2986 855 3052 eredidit,¹
866 2986 971 3055 000010
982 2986 1120 3053 patientie

53 3078 102 3130 liei
118 3066 252 3142 promissa
263 3076 441 3140 exspectarit,
456 3080 484 3129 et
493 3073 606 3127 tandem
621 3072 739 3138 adeptus
751 3068 808 3126 est!
827 3070 978 3138 1.11,15.

89 3161 115 3227 7'7.
128 3161 171 3213 16.
186 3158 326 3211 Attendite
336 3157 372 3210 ad
384 3158 501 3225 ipsemet
513 3147 652 3225 promissa
664 3153 781 3207 Abrahae
790 3152 862 3206 faeta
873 3171 880 3218 ;
893 3156 968 3207 Deus
980 3150 1118 3221 promisit,

59 3248 128 3297 Deus
136 3242 304 3309 promissum
318 3256 402 3296 suum
419 3240 582 3308 iuramento
600 3238 728 3291 firmarit.
742 3236 855 3299 Quare?

89 3329 200 3391 lituos,
216 3326 373 3393 spirituales
383 3324 500 3377 lbrehae
510 3321 572 3389 filii,
584 3320 779 3390 promissionis
788 3320 924 3384 haeredes,
937 3320 1121 3373 1100100000-

58 3413 199 3475 0000000,
223 3408 375 3476 patientins
396 3414 639 3475 exspectaremus3
657 3410 687 3458 et
704 3404 796 3456 seeuri
816 3403 852 3455 ds
871 3401 1059 3469 promissione
1070 3398 1121 3454 Dei

57 3500 208 3555 iuramento
219 3493 327 3546 firmate
338 3534 346 3559 ,
356 3494 431 3546 lione
447 3491 529 3545 nobis
544 3489 684 3556 promisse
696 3501 746 3554 spe
758 3487 989 3553 amplecteremur
1000 3490 1028 3536 et
1040 3488 1122 3535 tena-

61 3576 166 3629 cissime
177 3576 468 3643 apprehenderemus,
479 3574 507 3641 i.
519 3576 564 3637 11,
577 3574 622 3625 18.

94 3662 210 3726 necque
227 3674 305 3726 spes,
319 3660 400 3727 quasi
413 3658 553 3719 0000000,
567 3658 680 3709 nostras
693 3653 801 3708 animes
816 3653 846 3706 in
855 3651 940 3719 huius
954 3651 1040 3706 seculi
1052 3656 1123 3705 tenr-

66 3742 208 3815 pestetibns
219 3744 463 3807 redderetfirmas,
475 3740 515 3793 sie
524 3743 617 3797 temen
626 3750 723 3789 earum
731 3734 1119 3809 fluctuationemlimpediens,

66 3835 93 3881 nt
106 3842 150 3879 000
161 3826 196 3879 ed
209 3832 320 3892 portum
334 3832 446 3879 reternse
459 3819 832 3886 beatitudinis-perduceret,
841 3820 869 3887 i.
883 3822 929 3873 19.

95 3910 151 3971 Qud
165 3912 246 3963 lesus
266 3908 408 3971 Christus,
426 3907 595 3986 ppodromus
609 3908 721 3966 noster,
739 3902 875 3966 introivit,
893 3902 983 3957 luctus
997 3903 1028 3957 ln
1046 3905 1124 3957 eter-

69 4006 131 4045 num
147 3992 269 4061 pontifex
287 3990 442 4045 seeundum
459 3988 585 4046 ordinem
603 3985 807 4042 lleloltisedeoh
818 4026 826 4053 ,
839 3986 867 4056 y.
885 3986 951 4064 20..
