2575 4459
179 300 215 357 cs
379 294 511 373 aaran
529 294 733 353 nrrsrotn
752 292 801 349 ao
819 292 1054 371 rmornnon

208 395 307 445 Gratias
317 404 363 455 ago
375 394 483 443 Domino
495 394 582 443 nostro
601 392 661 443 lesu
682 391 781 442 Christo
839 395 883 445 ta.
897 391 1004 445 Gratias
1015 402 1070 456 ago
1091 387 1123 441 ei
1140 386 1193 457 qui
1210 398 1246 439 me

179 466 223 527 qni
237 462 301 513 mihi
310 465 379 513 vires
391 463 424 512 ad
438 463 464 512 td
476 462 662 525 suppeditavit,
671 463 780 522 gratias,
803 471 977 531 mmm-mig,
990 468 1103 523 Christo
1119 470 1191 521 gau
1202 470 1246 517 po.

179 534 303 596 inquam,
323 544 383 595 ago,
398 534 459 611 qnia
477 530 577 582 fidelem
594 542 636 581 me
657 530 782 592 judicavit
803 548 1071 614 minonomquja
1082 547 1245 600 fidelem

179 603 222 652 cui
231 604 333 653 tantum
344 603 515 653 committeret
527 602 709 653 ministerium.
742 632 745 637 -
803 622 1245 693 existimavimnensinmiffis.

208 780 270 834 lint
282 783 392 846 sciticet,
408 787 453 847 qni
466 782 538 849 priris
553 782 591 833 int
602 780 778 845 blasphemus,
804 711 891 836 wig..
900 781 954 843 Qui
971 777 1049 847 prius
1065 778 1244 846 blasphemus

179 856 206 903 et
233 858 393 917 persecutor,
416 859 441 905 et
464 855 544 905 hostis
566 852 779 913 contumeliosum
803 856 858 918 fut,
871 863 900 910 01
912 862 1084 923 persecutor,
1107 862 1141 909 01
1153 862 1245 907 coum.

178 923 223 973 eed
240 924 305 972 Deus
316 922 367 972 mel
380 925 500 973 misertos
511 926 562 983 eil,
577 925 636 983 iuli
651 934 697 984 per
706 924 779 981 ¹8⁰0·
802 935 951 989 meiiosus:
964 934 1014 988 sed
1024 934 1244 987 misericordiam

178 992 475 1053 rantiamieci,etcvim
484 990 780 1043 mhucoesemintene-
802 1014 850 1066 Dei
877 1018 1046 1067 consecutus
1074 1028 1163 1075 sum,
1190 1012 1244 1079 quq

179 1062 232 1113 liiii
247 1062 461 1141 ¹¹¹⁰¹0di¹¹¹¹⁸t¹⁵··
558 1082 560 1087 ’
803 1094 934 1160 ignorans
941 1093 994 1147 ieci
1001 1093 1029 1145 in
1038 1091 1243 1146 incredulitate

211 1262 249 1309 it.
269 1259 369 1311 Gratim
380 1272 429 1322 ogo
444 1260 471 1313 ei,
479 1260 524 1323 qui
535 1274 575 1309 me
587 1258 766 1322 confortavit...

209 1327 252 1379 Gr.
264 1332 289 1379 ot
301 1331 407 1391 gratiam
418 1328 498 1378 habeo
511 1329 640 1379 roborantt
652 1340 695 1377 me
708 1327 807 1377 Christo
820 1327 888 1379 lesu.

208 1398 332 1459 Dicendo,
349 1399 518 1461 laomellum
539 1398 607 1461 qood
622 1398 688 1447 milti
708 1398 830 1447 creditum
848 1404 898 1458 est,
914 1396 1063 1448 recordatur
1080 1408 1180 1447 eornm
1197 1406 1244 1459 qna

173 1474 266 1520 contra
281 1468 446 1529 Evangelium
465 1466 523 1516 fecit
538 1466 688 1528 aliquando,
705 1465 815 1528 hincque
825 1467 892 1530 Deo,
904 1463 1056 1517 benefactori
1078 1478 1128 1515 sno
1139 1504 1147 1528 ‚
1160 1471 1244 1529 gratias

178 1538 208 1589 ed
221 1541 329 1599 majores
339 1538 391 1599 agit
401 1574 409 1597 ,
418 1536 468 1598 quo
480 1548 534 1585 seso
543 1536 586 1586 tali
599 1541 623 1585 et
636 1542 707 1587 tanto
721 1537 843 1587 beneficio
854 1542 955 1601 reputat
965 1535 1149 1599 indigniorem.

209 1614 310 1663 &ratim
323 1625 372 1673 ogo
385 1612 492 1660 Domino
505 1617 589 1662 nostro
602 1613 663 1661 lesu
678 1612 792 1671 Christo,
808 1615 852 1674 qut
870 1612 935 1662 mihi
947 1614 1012 1661 vires
1028 1611 1206 1673 suppeditavit
1218 1609 1244 1659 ad

177 1694 232 1733 rem
243 1682 307 1731 tanti
319 1682 442 1731 momenti
453 1680 636 1743 exsequendam
647 1682 802 1741 mimirum.
815 1682 849 1732 ad
859 1682 1024 1745 Evangeiium
1034 1681 1143 1731 strenue
1158 1686 1186 1732 et
1197 1681 1244 1731 teli

178 1753 241 1801 citer
254 1750 454 1814 praedicandum.

210 1826 320 1883 Gratim,
330 1827 448 1887 inquam,
458 1838 521 1889 cqc,
538 1826 710 1889 ptis-fidelem
723 1840 763 1877 me
776 1827 944 1886 ecictimoos't,
955 1838 1000 1879 seu
1016 1825 1108 1887 duxit,
1119 1828 1169 1877 cni
1180 1840 1243 1878 com-

176 1896 288 1945 mitteret
298 1893 450 1957 apostolatus
463 1895 644 1944 ministerium.

103 2016 112 2034 2
208 1968 333 2029 Fidelem,
352 1969 429 2031 idest
440 2008 446 2032 ‚
457 1968 537 2023 ssdnrn
549 1986 557 2018 e
570 1982 622 2019 non
633 1970 649 2018 a
659 1967 708 2018 tide
716 2005 725 2030 ‚
733 1968 785 2028 ,sed
796 1968 810 2019 t
822 1968 941 2019 tideiitate
951 1981 1008 2029 quas
1018 1968 1163 2029 requiritur
1179 1971 1207 2019 in
1218 1972 1242 2018 iis

176 2040 268 2103 quibus
283 2036 380 2103 aliquid
394 2041 578 2103 committitur,
590 2038 699 2100 scilicet,
712 2042 740 2089 ut
749 2040 816 2089 hona
829 2039 879 2090 tide
889 2039 1068 2091 administrent
1078 2039 1128 2090 sibi
1140 2040 1242 2091 credita.

207 2114 317 2167 Fidelem
330 2129 368 2166 ote
380 2116 539 2167 ecistimaoit.

202 2186 291 2237 Modus
301 2186 420 2249 loquendi
431 2188 576 2237 communis
588 2204 594 2234 ι
607 2198 668 2245 rex,
677 2183 718 2234 'vel
729 2181 848 2234 dominus
860 2197 933 2235 mens
944 2183 1053 2245 fidelem,
1064 2184 1242 2244 sufficientem,

175 2256 313 2317 idoneum,
326 2256 431 2319 dignum
445 2268 486 2307 me
498 2256 623 2317 judicavit
632 2258 674 2307 cni
684 2254 736 2306 talo
744 2257 913 2306 committeret
924 2256 1067 2318 negotium,
1077 2255 1104 2305 id
1114 2260 1156 2306 est
1166 2294 1173 2318 ,
1184 2256 1242 2305 mitri

175 2327 312 2377 commisit.

205 2398 251 2447 Ubi
263 2399 324 2445 nota
335 2408 395 2447 cum
405 2395 436 2445 n.
448 2394 545 2445 Thomu
560 2397 608 2456 tria
621 2395 666 2446 hic
676 2433 684 2457 ,
696 2394 785 2446 ordino
795 2394 948 2459 retrogrado,
956 2396 1017 2461 poni
1027 2392 1061 2445 ad
1071 2396 1242 2459 apostolatum

175 2466 305 2529 requisita.
814 2478 817 2481 ⁴

171 2532 183 2597 '-
205 2534 238 2585 ut
253 2536 310 2596 qnts
320 2532 353 2583 sit
362 2532 491 2594 Evangelii
502 2534 617 2585 minister
627 2536 677 2585 tria
689 2535 872 2597 requiruntnrs
886 2533 1014 2596 Primum,
1024 2536 1054 2583 nt
1067 2538 1242 2586 committatur

119 2628 121 2633 v
174 2606 232 2657 sibi.
244 2603 404 2665 Secundum,
420 2604 560 2667 idoneitas,
571 2618 615 2655 sen
632 2608 662 2655 nt
672 2606 705 2655 sit
718 2604 814 2667 tidelis,
824 2606 939 2656 idonens.
952 2604 1076 2668 Tertium,
1085 2610 1117 2655 ut
1126 2608 1164 2657 stt
1173 2606 1241 2657 tortis

173 2674 207 2725 ad
222 2673 433 2737 prosequendum.
786 2731 789 2735 Δ

167 2756 173 2763 ·
205 2744 320 2795 Tertium
330 2742 413 2806 primd
427 2745 499 2807 ponit
510 2760 518 2795 e
529 2745 574 2807 qui
585 2758 623 2795 me
634 2744 792 2808 confortavit.

204 2814 366 2875 Secundum,
379 2814 425 2877 qui
440 2816 537 2877 fidelm
550 2827 589 2865 me
607 2816 768 2867 ec'istimooit.

203 2884 334 2947 Primum,
345 2898 437 2949 portatu
448 2886 477 2935 t'rt
487 2886 635 2937 ministerio.

203 2958 291 3021 ltaque
302 2958 393 3019 gratias
408 2957 460 3017 agit
471 2954 536 3015 lieo,
548 2959 574 3004 at
589 2955 657 3017 qnod
666 2956 838 3005 ministerium
851 2954 975 3017 credidit,
993 2957 1018 3005 et
1034 2952 1103 3018 qa'od
1118 2956 1238 3009 idoneum

171 3027 294 3089 reddidit,
305 3029 330 3076 et
341 3024 408 3088 quiid
421 3025 512 3093 sortem
528 3024 560 3075 ad
571 3025 758 3087 exsequendum
772 3028 896 3089 praestittt.

156 3106 165 3121 '
204 3114 243 3160 ta.
258 3108 308 3167 Qui
321 3106 395 3171 pride
410 3108 570 3172 blasphemes
582 3106 653 3170 sei...
667 3106 710 3157 Gr.
722 3120 795 3168 eom,
806 3108 877 3170 priris
888 3108 1037 3158 exlstentem
1049 3107 1237 3171 blasphemum.

171 3178 242 3228 Hanc
258 3178 364 3238 gratiam
380 3182 509 3241 exaggerat
527 3190 557 3241 ex
568 3176 608 3226 sui
620 3177 770 3239 indignitate
789 3176 822 3226 oh
840 3176 1022 3239 precedentem
1039 3179 1136 3228 statum
1151 3192 1229 3229 suurn

201 3242 253 3306 Me,
269 3246 373 3305 inquam
383 3280 390 3304 ‚
399 3244 459 3293 iacit
473 3244 632 3307 Apostolum,
643 3246 689 3307 qui
698 3245 772 3306 priris
781 3245 821 3307 ful
833 3245 992 3308 ltorplemar
1001 3246 1178 3309 inchrIstnm,
1189 3250 1238 3299 imd

171 3320 197 3366 et
218 3315 262 3377 qni
280 3313 343 3363 alios
358 3312 390 3362 ad
406 3312 634 3375 blasphemandum
646 3317 714 3374 coegi
724 3333 732 3375 ς
743 3316 789 3375 qni
805 3312 842 3363 fui
855 3314 974 3364 Ecclesiae
988 3322 1132 3377 persecutor
1143 3322 1170 3367 et
1183 3321 1238 3369 vio·

170 3384 255 3435 lentus
272 3394 403 3447 oppressor
410 3402 418 3445 ;
427 3384 471 3444 qni
489 3382 526 3431 ini
539 3382 631 3431 christi
646 3385 672 3431 et
681 3382 882 3448 chanianornm
894 3384 973 3433 hcstis
986 3386 1192 3439 mntemliosue.

203 3454 304 3514 verbis,
316 3452 389 3503 iactis
400 3488 407 3513 ,
417 3453 461 3513 vi,
474 3450 602 3501 Christum
621 3451 647 3499 et
659 3450 815 3501 Christianos
826 3452 929 3504 ouenor.

203 3530 252 3579 Sed
264 3528 466 3578 mirericordiam
481 3526 528 3575 Dei
543 3530 685 3576 consecutur
701 3540 787 3578 arm...

192 3596 251 3659 ‚Sed
260 3597 326 3647 Dens
336 3596 387 3646 mei
401 3598 520 3645 misertos
534 3599 583 3657 est,
595 3597 637 3657 qni
648 3609 692 3659 per
705 3598 872 3659 ignorantiam
883 3597 941 3659 ieci,
952 3602 977 3648 et
987 3597 1048 3649 crim
1058 3598 1144 3651 adhoc
1155 3614 1233 3652 essem

168 3667 198 3717 tn
215 3667 326 3717 tenebris
340 3664 542 3726 incredulitatis,
554 3669 579 3713 et
595 3666 714 3727 Ignorans
732 3678 774 3716 me
785 3669 901 3730 persequi
914 3668 1039 3731 Messium,
1050 3681 1127 3731 quem
1141 3672 1204 3722 sane
1214 3674 1233 3734 si

167 3736 283 3796 nossem,
299 3740 445 3799 persecutus
461 3748 512 3785 non
529 3748 618 3786 essem.
1104 3788 1108 3793 ,

199 3807 302 3856 Peccata
318 3806 465 3865 ignorantia
479 3810 538 3854 sunt
552 3804 639 3854 minus
661 3807 759 3865 gravia,
778 3807 804 3855 et
818 3813 1000 3869 consequenter
1011 3812 1162 3871 peccantem
1176 3811 1233 3861 red·

170 3877 235 3927 dunt
246 3874 333 3925 minis
346 3875 479 3935 indignum
490 3874 662 3925 misericordia
673 3886 741 3934 ,non
760 3880 845 3925 tamen
860 3878 975 3940 dignum.

199 3946 278 3995 Divus
289 3946 373 4005 itaque
386 3943 479 3994 Paulus
498 3958 550 3994 non
563 3946 674 4007 assignat
692 3947 819 4006 propriam
840 3946 884 3997 hic
898 3960 951 3998 sore
962 3948 1153 4011 justificationis
1172 3965 1232 4003 cau*

169 4012 295 4075 commod
306 4010 442 4075 improprii
459 4012 553 4063 dictam
564 4016 589 4063 et
599 4010 781 4064 occasionalem
796 4008 907 4067 tuatim
