2575 4459
272 250 441 306 intutus
457 252 681 309 uirosiuio.
701 254 784 311 cir.
803 256 826 310 i.
1025 256 1079 311 tsi

47 350 73 403 9.
89 350 126 402 ln
150 360 229 416 spem
247 347 314 401 viiae
329 354 455 413 oeiernae,
510 346 557 409 Qui
570 347 613 399 liei
632 349 716 400 cultus
733 350 776 400 dat
797 362 868 412 spem
885 349 944 401 ritu
962 351 1078 407 sterno.

14 440 96 494 quam
105 427 236 493 promisit
246 426 296 493 qui
306 439 364 479 non
374 441 457 481 men.
479 426 556 475 quam
567 416 719 467 Deus-verax
728 422 753 467 et
762 418 847 467 tallere
862 419 976 469 nesciens
984 419 1080 481 prumt-

13 506 401 573 ppiuf,1)0us‚anlepempom
412 520 458 559 ω,
480 485 526 545 ιιι,
535 496 581 533 seu
592 484 652 535 (lare
664 485 776 535 decrevit
785 486 818 534 ab
829 489 931 535 esterno.
970 514 973 522 ι

13 582 270 711 οῃξῖῗαιιίιοιιιιιιίι
280 627 457 712 autemtem-
505 656 562 708 ¹ilco
572 659 659 707 sutem
668 657 797 707 decretum
812 672 886 709 suum
896 696 904 720 ,
914 672 959 709 ssu
970 660 1080 723 premis·

12 738 130 804 poribus
141 736 201 789 suis
209 736 326 790 verbum
335 750 419 801 suum
427 736 457 789 ιη
480 728 579 777 sionem
588 762 597 787 ,
607 726 636 775 in
647 738 674 776 se
684 726 716 777 ab
731 731 825 777 sterno
835 728 982 779 abscondita
992 764 1000 789 ,
1009 733 1080 792 pets-

38 926 71 975 m
82 928 113 974 ut
125 879 318 986 credentesseu
332 936 378 987 per
388 924 464 973 iidem
476 926 627 985 cognoscant
637 925 769 973 veritatem
781 934 836 985 quae
849 924 984 985 spectatad
992 937 1079 977 reram

15 994 179 1055 religionem,
190 1006 234 1043 seu
248 1005 403 1055 cumrerum
415 992 459 1041 liei
472 992 571 1043 cultum
581 992 664 1042 (lucet.

41 1063 188 1113 Primarius
205 1066 230 1113 et
245 1060 358 1114 formalis
376 1062 482 1112 eiiectus
498 1060 558 1129 iltlei
576 1065 615 1111 est
626 1062 736 1125 cognitio
751 1062 877 1121 veritatis,
893 1064 959 1113 sicui
974 1062 1080 1115 euectus

14 1131 78 1181 lucis
90 1137 130 1181 est
146 1131 309 1182 illuminatio.

40 1202 97 1264 ipsa
108 1202 199 1249 autem
217 1200 279 1249 tides
290 1202 328 1250 est
340 1201 451 1263 cognitio
469 1200 599 1261 veritatis,
613 1210 666 1249 non
682 1196 832 1259 cuiuslibet;
844 1198 887 1249 secl
898 1201 1010 1251 recitatis
1022 1213 1079 1262 qus

15 1271 58 1321 (lat
72 1270 223 1332 religionem
239 1270 369 1332 tenditque
384 1270 417 1321 etl
431 1270 476 1321 liei
494 1269 602 1321 cultum.

42 1342 72 1390 ln
88 1353 143 1401 quo
163 1340 248 1389 ‹litiert
259 1340 274 1389 t
286 1339 445 1403 philosophia
460 1352 467 1383 a
480 1339 536 1390 hee
555 1338 599 1388 dat
617 1350 704 1388 rerum
722 1337 877 1387 naturalium
893 1341 1078 1403 cognitionems

12 1410 73 1460 lltles
84 1408 148 1458 veru
159 1409 203 1458 ilai
214 1411 384 1471 cognitionem
396 1410 510 1458 veritatis
521 1418 578 1471 qum
589 1411 684 1470 spectat
696 1408 728 1456 ad
744 1420 830 1457 veram
844 1409 972 1471 pielatem.

42 1480 129 1534 Pietas
141 1480 226 1541 iisque
238 1481 275 1528 est
286 1477 349 1528 alter
364 1477 422 1528 ildei
434 1478 538 1527 effectus
549 1514 557 1538 ,
568 1476 620 1525 imo
634 1479 661 1525 et
673 1475 741 1525 linis.

41 1570 65 1618 ι.
76 1568 106 1617 lo
118 1580 189 1630 rpem
199 1566 257 1616 oitoe
265 1571 369 1617 otono.
378 1564 421 1615 Gr.
432 1564 479 1614 sul)
490 1576 564 1627 spa...
575 1574 632 1626 qus
644 1565 723 1627 pietas
734 1576 805 1627 spem
813 1567 872 1617 ritas
883 1569 982 1616 aeterne
992 1579 1080 1621 secum

12 1649 141 1686 annexam
153 1635 247 1698 habet,
257 1648 302 1685 seu
312 1672 319 1694 ,
331 1635 381 1697 qua
392 1634 484 1696 pietate
497 1632 583 1683 ildeles
595 1632 677 1683 ileum
688 1646 777 1683 rerum
792 1634 879 1685 colunt
896 1637 943 1685 sub
961 1650 1004 1699 spe
1021 1639 1079 1689 vitra

12 1711 114 1764 eternae
124 1744 132 1766 ,
142 1704 170 1755 id
181 1708 219 1755 est
227 1741 235 1765 ,
243 1708 372 1769 sperantes
381 1705 461 1753 vitam
475 1707 605 1753 uternam.

30 1777 97 1827 'Sub
112 1775 186 1837 iege.
204 1788 231 1825 ss
245 1773 387 1825 colentibus
402 1769 469 1823 usus
483 1773 633 1837 promiserat
647 1777 741 1823 terrum
757 1774 872 1838 nitentem
887 1776 926 1827 lor
941 1782 963 1827 et
974 1778 1038 1838 mel,
1054 1777 1080 1829 ld

11 1851 66 1907 est,
77 1848 148 1897 bona
159 1849 268 1898 terrena.
355 1904 358 1910 ¹

42 1917 96 1966 Sub
108 1914 176 1977 ilde,
188 1929 215 1966 se
227 1914 369 1967 colentibus
381 1913 448 1965 Dens
464 1914 581 1977 promisit
595 1923 704 1975 regnum
723 1911 834 1977 celeste,
847 1916 925 1964 sitam
942 1920 1079 1981 eternam,

9 1985 113 2036 summe
125 1986 236 2035 beatum.

42 2056 116 2106 Finis
135 2055 289 2119 apostolatus
303 2054 396 2117 iioysis
413 2053 481 2119 (luit
499 2054 570 2104 enim
582 2052 598 2102 l
609 2052 660 2103 lieo
680 2051 790 2116 missus)
807 2057 860 2103 erat
878 2058 944 2105 terra
959 2054 1042 2107 llevrel
1055 2060 1081 2108 et

12 2125 171 2185 Amorrhael,
186 2126 222 2173 ait
235 2124 279 2174 lile
294 2124 324 2173 ll.
338 2125 456 2174 Thomas.

41 2194 114 2243 Finis
129 2192 284 2259 apostolatus
294 2193 388 2245 chrisi
401 2197 426 2245 et
437 2190 621 2257 discipulorum
630 2193 686 2255 eius
698 2194 737 2243 esi
752 2204 858 2256 regnum
873 2192 1014 2257 celorum,
1028 2198 1080 2249 rita

10 2267 116 2315 eterna.

43 2341 76 2388 in
86 2352 158 2401 rpem
167 2339 225 2390 citu
233 2345 329 2391 oeitrm
339 2360 350 2391 .-
361 2339 432 2389 missi
444 2341 504 2389 suni
512 2336 685 2400 spostolicae
697 2341 726 2388 ιιι
736 2336 803 2389 hane
813 2352 883 2403 spem
895 2340 966 2391 nobis
976 2340 1079 2394 ducents

10 2410 40 2459 ln
51 2409 102 2459 lrac
114 2421 160 2471 spe
173 2412 200 2458 et
209 2407 256 2459 sub
267 2409 316 2459 lrcc
327 2421 387 2471 spe,
401 2420 447 2459 nus
458 2398 594 2456 Christiani
607 2406 688 2457 ὓοιιιιι
699 2406 864 2471 ιοιίιιιιιι,ριὸ
879 2413 905 2458 et
915 2412 1001 2461 saneti
1014 2413 1081 2463 vivi-

10 2492 73 2529 mus
83 2517 90 2539 ,
102 2478 253 2542 temporalia
267 2482 292 2528 et
306 2482 407 2529 terrena
422 2479 581 2541 spernimus,
591 2480 699 2539 eterne,
712 2477 835 2539 ccelesiis,
844 2478 929 2531 divina
943 2486 1080 2544 sperantes.
1092 2502 1095 2511 ·

44 2556 134 2614 Quom
147 2554 266 2615 monuit
277 2554 322 2616 eui
336 2567 387 2603 uota
398 2554 548 2604 mentitur...

41 2626 104 2675 liaee
114 2628 204 2673 autem
222 2628 308 2675 nostre
324 2636 381 2687 spes
401 2636 453 2674 non
472 2624 557 2673 inanis
568 2625 614 2672 eut
634 2622 858 2691 {ru-siroiorlmsed
875 2628 944 2676 certe
959 2624 1082 2689 ilrmaque

8 2699 66 2755 est,
79 2697 151 2745 sieut
160 2694 227 2745 lleus
241 2696 295 2758 ipse
306 2697 390 2744 certus
399 2692 554 2755 ilrmusqne,
568 2696 656 2757 utpote
667 2697 718 2745 tota
730 2697 756 2745 in
767 2696 817 2747 lieo
828 2695 942 2747 lundata.

38 2768 116 2819 ilaue
130 2769 201 2816 enim
210 2768 290 2817 vitam
302 2770 439 2827 eminam,
451 2765 517 2815 Deus
527 2766 581 2828 ipse
592 2763 637 2829 qui
652 2779 702 2815 non
714 2767 849 2827 mentitur,
866 2763 980 2827 suaviis,
994 2780 1082 2831 expers

8 2835 162 2897 mendacii,
177 2835 263 2886 tallere
281 2837 413 2897 nesciens,
426 2834 454 2885 ii
472 2837 529 2896 est,
544 2834 644 2885 summe
659 2848 748 2897 verax,
768 2837 955 2899 promissione
969 2842 1082 2901 temporo

6 2904 310 2974 seculorio51dest,ab
323 2909 416 2957 sterno
429 2906 559 2970 proposuit
569 2942 577 2965 ,
587 2904 790 2967 predestinavit,
803 2908 862 2957 dare
874 2906 993 2956 decrevit.
1064 2955 1068 2963 ,

37 2979 98 3027 uuo
111 2981 174 3027 suni
186 2980 213 3027 in
230 2978 393 3041 promittente
406 2978 515 3037 sincero,
531 2973 650 3025 voluntas
663 2976 757 3037 dandi,
769 2978 858 3039 etipsa
877 2978 1009 3038 promissio
1019 2995 1027 3028 a
1038 2976 1082 3029 hle

6 3047 151 3106 voluntas,
162 3060 207 3096 seu
223 3045 354 3097 decretum
364 3047 424 3108 liei,
435 3048 545 3099 sumitur
557 3058 603 3108 pro
618 3048 793 3110 promissione.

39 3118 108 3180 Spes
133 3118 218 3177 itaque
237 3119 324 3167 nostra
343 3116 417 3165 firma
439 3117 485 3165 est.
506 3113 609 3175 Primo,
625 3127 657 3164 ex
677 3118 748 3177 parte
772 3114 816 3164 liei
832 3116 1019 3180 promittentis,
1037 3119 1083 3181 qui

7 3186 118 3237 summe
130 3197 207 3236 verax
222 3190 260 3235 est
277 3190 303 3235 ei
315 3185 401 3235 iallere
420 3187 509 3235 nescit.
520 3183 652 3245 διιιιιιιιιὸ,
666 3196 696 3234 ex
713 3187 783 3248 parte
794 3187 923 3249 promissi,
934 3199 978 3237 seu
991 3201 1083 3253 propo-

6 3258 51 3307 siti
68 3254 302 3317 etdeeretl,quo‹l
313 3252 675 3304 sternumetimmobileest.
979 3280 986 3290 ·
1143 3304 1146 3309 ,

37 3322 154 3375 AEterni
163 3360 171 3384 ,
180 3322 304 3373 immobili
316 3360 323 3385 ,
336 3322 380 3372 Dei
391 3320 491 3372 summe
499 3324 611 3383 veracis,
621 3318 788 3386 promissione
797 3324 894 3385 innixi,
906 3322 1014 3376 tirmiter
1024 3338 1090 3391 spe·=

5 3405 102 3445 remus
116 3394 143 3441 et
158 3392 303 3455 quitantur
314 3393 343 3442 t'n
357 3405 401 3455 spe
415 3392 531 3455 filiorum
543 3391 599 3442 liei.
686 3408 688 3413 ‘
1001 3394 1003 3401 “

39 3481 68 3528 3.
82 3474 255 3539 Honlfesteoit
271 3482 385 3526 auton...
398 3474 504 3525 cubum
513 3488 619 3525 suum...

36 3548 124 3597 Totus
133 3550 266 3597 contextus
275 3546 372 3597 indicat
382 3558 427 3609 per
437 3544 542 3595 sesbwn
551 3558 627 3595 suum
637 3544 682 3597 lrlc
688 3544 882 3609 intelligendum
891 3545 1082 3601 essedeeretum

2 3615 211 3683 promissionis,
225 3615 255 3666 tle
266 3616 317 3679 qual
329 3616 415 3679 supet.
1125 3648 1129 3658 .

39 3685 97 3737 Sed
117 3685 170 3736 hue
189 3686 304 3751 iutllcant
321 3688 462 3751 presertim
479 3688 505 3736 et
521 3684 646 3737 articulus
662 3682 701 3731 τὸν
712 3683 776 3745 tayo
788 3686 877 3750 αὐτοῦ,
895 3687 1001 3739 uectum
1015 3689 1082 3743 tiiott

1 3770 99 3809 mum.
622 3805 624 3810 .

38 3823 179 3876 Atticulae
191 3827 262 3876 enlm
274 3829 328 3877 rim
339 3825 416 3877 habet
430 3824 559 3889 repetendi
572 3822 639 3888 qood
654 3828 789 3889 precessit.

38 3896 78 3947 Et
91 3895 240 3954 conjunctio
251 3896 408 3947 adversativa
418 3901 520 3956 suum,
531 3907 589 3959 quet
598 3894 654 3947 hue
664 3894 862 3961 precedentlbus
872 3898 994 3951 annectit.

42 3966 139 4029 ltaque
153 3978 244 4016 seusus
262 3971 320 4017 ests
905 3994 907 4001 ,
