2575 4459
286 353 457 412 toronos
477 356 801 416 ornumornum.
824 359 859 414 x.
1048 342 1103 414 ars

17 488 1098 524 mm

381 602 520 681 citou
541 606 762 685 oudiuuu.

199 765 310 807 rsxrus.
708 767 894 811 nursinensis.
917 806 929 826 Α,

28 928 43 942 .
126 902 218 943 nonin
232 886 476 943 enimhabeusiex
548 886 762 939 inchristtmors
772 888 1101 953 multorumsrinusitpeo·
1204 917 1209 926 ·

69 899 284 1020 Ufupumrum
317 966 474 1030 bonorum,
547 959 603 1006 eata
613 976 621 1005 r
632 970 685 1008 uon
701 960 736 1007 ita
748 957 780 1007 de
795 958 970 1021 multiplicatis
979 958 1101 1022 legalibus

17 1067 22 1097 Ι
33 1060 91 1098 on
105 1044 194 1111 ipsam
206 1044 474 1111 imaginemrefflm
501 1024 652 1086 sacrifieiis3
678 1029 739 1087 quia
760 1029 830 1076 euim
852 1028 892 1077 lex
914 1028 1021 1078 iioseiea
1046 1032 1101 1078 erat

17 1139 81 1177 rer
99 1122 231 1189 singulos
243 1134 353 1186 annos,
371 1122 476 1175 eisdem
500 1092 589 1211 ffig
604 1093 922 1213 ffiffimfflfflg
933 1108 999 1214 ¹¹¹⁰&
1012 1096 1101 1214 {effi

17 1201 102 1266 9⁸³⁸
118 1199 244 1288 ,¹¹⁰⁵ffis’
263 1212 334 1265 ‘1⁰⁰⁵
357 1197 477 1252 ⁰ff⁰s¹¹¹¹t
501 1232 592 1279 veritas
611 1248 618 1280 r
638 1230 701 1281 hine
717 1199 769 1281 non
787 1238 885 1294 poterat
900 1236 928 1283 in
947 1178 1101 1285 gonsoiautia

17 1278 239 1339 ”dfflffleffiefs
257 1288 401 1341 numum
422 1289 477 1342 ΡΟ·
499 1299 658 1349 sanetiiioure
677 1313 808 1351 summum
826 1304 995 1363 sacerdotem,
1019 1299 1100 1351 multo

21 1362 87 1409 est
98 1354 266 1411 aecedentes
282 1353 475 1422 perfectoria·
499 1369 586 1418 minus
604 1368 667 1419 ,110³
692 1370 832 1421 „wrm
851 1376 876 1421 ,t
893 1372 1032 1435 poputum,
1055 1384 1101 1435 pfl,

17 1444 98 1489 :ere
115 1446 124 1489 t
500 1436 621 1488 sacrificia
636 1450 695 1499 quta
704 1437 811 1499 siugulis
820 1441 896 1491 annis
905 1444 998 1503 jugiter
1012 1442 1102 1492 ottera-

259 1524 262 1529 ·
499 1506 578 1566 bout;
592 1505 686 1557 talibus
704 1507 834 1558 sacrificiis
843 1511 925 1561 virtus
935 1513 990 1561 orat
999 1510 1101 1563 uorum

502 1574 676 1640 significandi,
688 1588 741 1627 non
753 1576 886 1629 efficiendi.

17 1673 1100 1706 ..m-..m

56 1754 126 1803 cre.
138 1751 167 1803 X.
184 1754 207 1803 t.
225 1752 347 1805 Umbrum
366 1752 433 1805 ertias
449 1750 542 1803 onom
556 1752 602 1805 leo.
618 1753 675 1817 syr.
688 1754 814 1819 siquidem
827 1758 855 1807 in
871 1756 925 1820 iege
940 1761 995 1810 erat
1011 1760 1102 1812 umbra

17 1826 180 1874 'uturorum
189 1822 324 1873 honorum.
375 1860 383 1871 ,

55 1894 172 1945 Probati
185 1895 315 1955 sanguinis
324 1891 417 1943 Christi
432 1894 527 1943 virtute
539 1894 574 1945 od
584 1894 756 1946 mhouriendo
768 1900 924 1958 pectamur
936 1910 991 1960 rap.
1000 1900 1025 1957 9,
1034 1875 1062 1947 u.
1070 1900 1100 1949 28

17 1966 112 2021 dixit,
128 1962 172 2013 hie
188 1962 307 2024 legalium
322 1961 505 2012 sacrificiorum
517 1963 694 2025 impotentiam
706 1963 740 2013 ad
754 1962 825 2013 huno
840 1964 960 2016 effectum
974 1966 1100 2029 ostendit,
1171 1963 1176 1971 '

17 2035 162 2095 nujusoue
177 2031 331 2095 impotentia
346 2032 471 2079 rationem
487 2028 577 2080 reddit.

61 2106 191 2157 timbron:
214 2106 279 2155 enim
300 2102 452 2165 habeor51d
472 2107 527 2164 est,
544 2103 584 2155 lex
605 2107 675 2155 enim
690 2105 797 2157 Heraion
818 2110 873 2157 erat
891 2107 993 2158 tantum
1012 2108 1102 2159 umbra

17 2179 161 2228 bonorum
177 2176 284 2225 innovo
300 2174 460 2223 Tostameuto
476 2172 636 2235 futororum,
646 2188 673 2225 r.
688 2188 723 2238 g„
739 2179 840 2238 gratia,
854 2178 959 2239 justitia
974 2181 1000 2228 et
1013 2178 1102 2229 salutis

17 2262 75 2313 per
94 2246 225 2297 Christum
241 2243 339 2294 dendae.

57 2324 121 2374 Non
132 2323 217 2384 iprum
233 2320 371 2382 tmopioem
383 2332 480 2369 rerum.
494 2318 550 2383 syr.
564 2330 617 2369 non
627 2322 736 2382 ipsamet
749 2319 890 2371 substantia
902 2333 991 2373 eorum
1004 2334 1100 2374 rerum.

17 2394 148 2455 AEthiop.
159 2401 212 2441 non
227 2392 282 2439 erut
297 2387 463 2452 ipsoiorma,
479 2388 505 2437 id
521 2391 573 2448 est,
589 2402 640 2439 non
656 2392 710 2452 ipse
725 2392 882 2451 oeritns,ait
898 2391 972 2442 dirus
990 2392 1102 2451 chroso-

17 2472 132 2513 stomus
143 2473 205 2521 ,seu
225 2472 277 2511 non
290 2460 345 2523 ipsu
359 2470 401 2509 res
414 2469 471 2521 qua
486 2458 515 2509 iu
527 2469 555 2509 se
572 2462 716 2521 spectetur,
729 2471 775 2509 sen
786 2472 839 2510 uon
852 2462 906 2525 ipsa
921 2460 1003 2513 torma
1017 2464 1055 2513 rei
1072 2462 1101 2512 in

17 2533 137 2597 propria
149 2530 232 2594 speeie
244 2530 393 2593 eonspectae.
865 2532 869 2539 ’

57 2610 116 2658 Per
132 2604 246 2669 siopuios
260 2618 368 2655 oooos...
387 2602 444 2667 Syr.
461 2602 557 2653 ideireo
578 2603 624 2653 etsi
639 2602 751 2664 quolibet
765 2617 834 2654 auno
849 2604 892 2653 iila
908 2607 963 2667 ipsa
977 2606 1102 2657 saoriiiota

20 2679 188 2727 offerrentur
196 2711 205 2737 ,
221 2684 355 2736 nunquam
369 2674 508 2736 potuerunt
523 2669 643 2734 perfluere
658 2683 701 2721 eos
718 2673 763 2733 qui
778 2674 832 2735 ipsa
846 2672 994 2723 offerebant.

59 2747 177 2809 Respicit
195 2742 329 2808 Apostolus
343 2741 376 2792 ad
400 2740 524 2792 sacrificia
540 2753 596 2802 quo
618 2741 724 2804 singuiis
747 2745 823 2792 anuis
842 2744 871 2791 in
893 2742 935 2792 dio
953 2746 1101 2805 expiationis

19 2815 157 2866 offerebat
167 2824 284 2865 summus
296 2810 411 2863 sacerdos
420 2846 427 2872 ,
436 2812 586 2871 sanguinem
595 2810 661 2861 dirui
669 2811 766 2861 sadiaet
776 2816 802 2861 ot
813 2811 901 2873 rituli,
913 2816 939 2861 et
950 2825 1007 2875 qua
1018 2815 1101 2875 ipsum

22 2882 182 2949 pontificem
201 2884 229 2933 in
248 2880 403 2933 conscientia
420 2877 578 2929 sanctificare
598 2890 652 2929 non
672 2883 803 2943 poterant,
821 2893 878 2943 nep.
893 2884 924 2939 9,
937 2876 965 2930 i.
978 2879 1102 2941 u,muitd

22 2954 123 3005 ruinds
134 2952 197 3003 aiios
210 2952 352 3003 sacerdotes
363 2951 389 3001 et
400 2948 532 3013 populum.

60 3023 197 3083 Huiusque
217 3022 255 3071 rel
275 3022 340 3071 rntlo
356 3020 408 3077 est.
428 3016 496 3081 qudd
511 3017 560 3068 hoe
574 3030 692 3068 annuum
713 3019 862 3081 expiationis
882 3018 1035 3070 martirium
1049 3021 1103 3069 erut

24 3091 138 3141 rantum
148 3089 238 3140 umbra
248 3086 328 3139 futuri
339 3088 366 3139 in
378 3098 453 3138 eruce
464 3086 579 3137 sacrificii
588 3099 634 3150 pro
646 3090 809 3149 poeoniorum
817 3088 934 3137 omnium
945 3090 1102 3151 expiatione,

24 3164 74 3211 oui
92 3159 180 3209 tuturo
194 3158 289 3209 Christi
303 3160 330 3207 in
346 3168 420 3208 erues
435 3155 560 3206 sacrificio
573 3161 763 3207 reservataerat
774 3160 856 3209 virtus
870 3157 987 3210 homiues
1001 3161 1029 3209 iu
1042 3169 1101 3209 oon·

25 3231 146 3281 scientia
157 3229 182 3277 et
197 3238 284 3279 eoram
298 3226 349 3277 Deo
364 3224 547 3277 sanctificandi.

62 3300 117 3349 Lex
128 3299 182 3347 orat
197 3297 288 3347 umbra
301 3314 308 3346 r
321 3298 374 3347 sive
387 3294 561 3359 metaphoran
576 3298 677 3359 plotnra
689 3294 812 3357 duratum

62 3370 179 3419 Pictones
200 3369 270 3418 enim
288 3364 402 3431 primum
421 3365 530 3415 carbone
549 3369 594 3415 aut
612 3367 680 3416 oretd
694 3378 750 3416 rem
768 3365 882 3428 aliquam
896 3366 954 3417 rudi
969 3367 1045 3418 modo
1060 3366 1103 3417 de·
1171 3415 1179 3427 ,

28 3440 151 3500 tineent,
172 3436 288 3500 uanoque
309 3436 399 3487 rudem
422 3436 549 3498 picturam
568 3439 663 3485 vocant
677 3435 807 3486 umbram.
827 3435 865 3485 ita
883 3435 966 3497 Deus,
984 3438 1104 3498 inquiunt

29 3511 117 3571 aliqui
125 3544 133 3570 ,
141 3510 169 3558 in
178 3510 257 3560 ueteri
267 3507 428 3558 testamento
439 3503 529 3556 rudem
537 3508 563 3556 et
574 3504 736 3557 umbratilem
745 3506 805 3555 nori
814 3505 966 3556 Testamenti
977 3508 1103 3571 picturam

30 3579 122 3638 dudm
383 3618 393 3631 .
758 3630 762 3636 ¹

67 3648 142 3709 Sive,
158 3643 226 3709 quod
244 3642 386 3709 Apostoiieo
401 3642 467 3707 stylo
482 3640 638 3695 conformius
654 3646 706 3704 est,
724 3642 778 3694 Col.
798 3646 831 3705 2,
849 3656 877 3694 u.
898 3648 941 3705 17,
957 3645 1105 3709 metaphora

33 3720 149 3769 dueatur
164 3716 180 3767 a
194 3715 340 3779 corporibus
353 3719 379 3765 et
391 3712 493 3764 iliorum
508 3714 604 3763 umbris
611 3732 620 3774 ;
636 3724 687 3775 quo
702 3726 796 3775 seusu,

68 3788 186 3838 Cirristus
196 3789 221 3836 ot
234 3784 399 3849 Evangelium
415 3785 453 3834 est
467 3780 536 3833 velut
552 3796 660 3845 eorpus,
671 3794 716 3832 seu
731 3782 844 3833 soliditas
855 3787 880 3833 et
897 3783 1037 3836 substantia
1044 3804 1054 3849 i
1064 3784 1105 3837 lox

35 3858 99 3911 uerit
115 3858 191 3907 istius
206 3858 319 3918 eorporis
337 3854 445 3913 umbro,
461 3864 505 3904 sau
521 3851 741 3915 imperfectissima
755 3852 904 3903 similitudo.

70 3924 194 3989 Equidem
211 3924 382 3976 'iireodoretus
399 3922 470 3974 huno
482 3934 585 3974 versum
603 3921 679 3987 paulo
697 3921 770 3972 aliter
788 3923 911 3987 explieat,
926 3922 1044 3974 umbram
1055 3927 1105 3975 tri-

38 3997 121 4048 buens
134 3993 199 4057 legi,
212 3996 349 4057 imaginem
365 3992 514 4056 Evangelio,
523 3996 605 4058 ipsam
620 3995 754 4044 veritatem
762 3992 823 4044 eolo
837 3997 884 4044 :at
894 3994 982 4044 minus
994 3995 1027 4045 nd
1035 4007 1107 4044 men·

39 4073 96 4119 tem
115 4064 245 4132 Apostoli,
256 4066 300 4129 qni
316 4064 359 4117 hio
372 4063 404 4116 do
420 4062 482 4115 eoelo
500 4075 553 4116 uon
565 4066 630 4128 agit,
641 4064 687 4117 sed
698 4064 799 4117 tantum
809 4062 840 4116 de
852 4063 906 4127 lege
919 4068 1064 4131 eomparata
1073 4062 1106 4117 ad
