2575 4459
174 302 230 361 ω
595 300 824 359 ΡΜΗῊθ.

174 397 276 477 root,
290 394 429 461 secunda
450 396 555 478 parte,
572 394 795 463 dissertatione
807 395 985 462 undecimi
1005 394 1163 461 tamdem
1181 395 1244 478 opi·

174 502 299 569 nionem
314 501 462 583 supponit
475 505 508 567 et
530 501 721 583 sequturn
735 502 778 567 de
790 502 976 579 Tillemoot
989 502 1179 577 Memoiree,
1191 512 1247 566 ete

174 624 230 671 aar
246 608 328 669 saint
344 607 445 683 Paul,
457 624 499 669 on
511 607 547 671 de
560 606 771 671 respectent
786 608 838 670 65
1283 615 1285 628 “

214 714 286 775 Haeo
298 710 402 793 opinio
415 708 570 793 precipue
582 710 693 774 nititur
707 726 737 774 o.
753 712 790 788 4,
810 713 843 782 5.
854 713 885 773 6.
899 707 994 790 Epo
974 728 1048 790 pom
1066 710 1207 786 delibor,
1220 719 1244 773 et

176 825 291 897 tmpus
308 816 502 883 resolutionis
514 833 587 879 meo
599 817 705 879 instet.

214 918 349 999 Revera,
373 920 406 983 in
428 919 626 1001 expositione
647 919 743 1000 hujus
766 918 911 984 versiculi
926 936 987 1001 pro
1013 919 1077 983 hae
1097 920 1246 1001 opinione

175 1025 340 1090 concludo.
354 1024 430 1089 Vide
445 1042 514 1107 cap.
536 1028 568 1102 4,
581 1029 614 1098 5.
633 1031 672 1105 8,
690 1024 773 1088 eirea
785 1024 892 1089 finem.

215 1132 366 1197 Beronius
389 1135 513 1209 tamen,
528 1134 561 1195 et
578 1129 629 1193 alii
649 1133 723 1210 post
741 1148 816 1194 eum
838 1128 930 1193 multi
948 1126 968 1193 e
987 1132 1243 1209 reeentioribus,

175 1238 453 1323 putantinprimis
466 1237 599 1302 vmeulrs
611 1236 761 1318 scriptam
774 1234 891 1299 tuisse·
884 1236 1089 1315 praesertim
1101 1238 1197 1301 obe
1210 1239 1244 1315 4,

176 1348 274 1418 5.17.
296 1345 446 1410 Dominae
466 1343 544 1407 miti·
561 1342 680 1417 ostitit,
693 1349 763 1416 ete,
779 1347 808 1403 et
821 1340 967 1475 liberetur
982 1360 1054 1406 eum
1067 1343 1107 1405 de
1121 1363 1178 1407 oro
1190 1344 1247 1405 leo-

176 1453 236 1515 nie.

217 1554 279 1619 Sed
301 1554 352 1617 hie
372 1570 483 1619 versus
506 1551 722 1636 explicabitur
731 1568 790 1614 suo
814 1552 907 1631 loeo,
930 1555 963 1617 et
981 1552 1097 1634 primae
1111 1552 1247 1636 opinioni

177 1676 243 1723 non
258 1658 488 1738 contradicere,
503 1655 568 1724 imo
588 1660 696 1725 fauere
707 1656 904 1723 ostendetur.
917 1657 994 1723 Vide
1005 1675 1078 1741 cap.
1095 1660 1139 1739 4,
1152 1662 1187 1731 5.
1202 1663 1244 1734 17,

177 1766 237 1831 sub
256 1764 363 1829 finem.
498 1776 503 1783 ·
659 1807 663 1814 -
862 1800 867 1807 -

217 1874 302 1935 Hane
315 1870 437 1935 Baronii
451 1868 630 1951 opinionem
643 1868 721 1934 satis
735 1865 806 1933 nise
817 1872 996 1951 propugnat
1008 1870 1140 1949 aetius,
1158 1885 1246 1951 quem

178 1979 211 2041 et
224 1974 325 2041 fusius
338 1977 472 2058 explieat
491 1978 524 2040 et
538 1968 715 2056 propugnat
728 1976 761 2037 P.
780 1975 948 2039 Amelotte.

217 2083 316 2162 Hujus
342 2082 486 2163 Epistulae
512 2073 735 2161 argumentum
753 2077 839 2142 idem
861 2083 911 2143 est
933 2098 971 2145 ae
987 2079 1126 2163 primae,
1151 2081 1244 2144 'rimo

177 2188 288 2252 theum
308 2189 426 2253 scilieet
439 2186 607 2268 Apostolus
620 2182 715 2245 docet
727 2200 798 2263 quae
811 2188 888 2248 eunt
898 2184 1037 2266 epiaoopi
1058 2189 1094 2249 et
1108 2183 1243 2268 pastoris

177 2291 299 2371 officia,
314 2295 347 2354 et
360 2291 399 2354 ad
412 2308 450 2353 ea
463 2274 596 2354 fideliter
606 2287 814 2366 exsequenda
826 2289 981 2356 hortatur.

218 2398 294 2471 Quo
306 2393 483 2459 distinctius
496 2391 616 2467 ridebis
629 2390 664 2455 in
679 2390 801 2472 analyn
813 2393 1065 2477 unuscujusque·
1080 2396 1210 2478 rapine
