2575 4459
178 281 233 338 ite
346 281 535 342 SECUNDA
552 279 758 340 EPISTOLAE
776 280 827 336 iti
843 275 1079 335 tiliorum

179 406 1246 445 ...w

518 527 662 604 cliui
682 527 897 606 TERTIUM.

384 693 571 737 PAWHMSIS·
967 692 1079 734 ffl'fllfl·

178 825 246 933 Nn
262 815 362 865 mireris
374 814 442 877 quod
455 813 486 864 de
499 813 635 877 iiymeneo
647 813 672 861 et
682 809 779 861 Phileto
801 815 829 867 i.
902 831 935 871 oo
952 821 1046 870 autem
1062 795 1157 882 seito,
1171 815 1247 885 quod

230 884 282 934 dlxi
295 903 302 934 ε
323 887 418 934 etenim
428 887 494 935 seins
506 885 583 935 velim
597 883 666 946 quod
675 882 779 945 peethne
903 892 1247 948 innovissimisuiehusin-

177 953 206 1004 ln
219 953 307 1004 diebus
324 955 401 1004 etium
421 954 534 1017 proxime
556 953 651 1003 tuturis
664 955 779 1015 temporo
800 972 913 1026 stabunt
927 977 1052 1039 tempo„
1069 973 1245 1039 periculosa:

178 1028 253 1075 erunt
263 1025 296 1075 od
307 1023 413 1076 salutern
425 1023 544 1088 perieulis
555 1024 638 1088 plenu.

179 1081 192 1098 ¹
208 1093 291 1144 Erunt
309 1096 378 1144 enlm
400 1093 518 1144 homines
542 1096 582 1144 sul
607 1091 690 1146 solum
708 1103 779 1142 omu-
835 1087 864 1138 2.
884 1088 972 1138 Erunt
991 1082 1122 1137 homiues
1139 1083 1247 1150 seipsos

177 1162 260 1224 tores,
271 1163 355 1223 erun,
366 1161 489 1224 fastuosi,
499 1163 615 1228 superbi,
627 1161 777 1225 blasphemi,
800 1169 944 1225 mutes,
956 1161 1069 1229 cupidi.
1090 1162 1177 1226 elati,
1199 1177 1247 1215 su-

208 1337 269 1389 cin.
281 1337 325 1388 lii.
343 1341 366 1387 i.
379 1339 433 1388 Hos
450 1344 537 1390 outone
550 1338 643 1390 seito...

206 1407 251 1456 ilis
264 1411 289 1456 et
303 1408 466 1468 sequentibus
478 1408 562 1458 verbis
580 1405 725 1458 continetur
742 1402 874 1470 propinetur
886 1399 937 1464 qul
954 1397 1028 1452 dirus
1046 1397 1144 1462 Pontus
1160 1397 1244 1449 iimo-

176 1475 265 1526 theum
276 1480 302 1526 et
316 1475 393 1537 ullos,
409 1476 456 1526 sub
472 1479 527 1537 elus
540 1478 660 1536 nomine,
671 1477 799 1538 episcopos
809 1473 949 1537 premonet
961 1468 1037 1519 simul
1047 1505 1054 1530 ,
1065 1474 1093 1519 et
1107 1470 1244 1532 premonet

176 1544 209 1594 nd
226 1543 342 1594 vltnrrdos
356 1547 381 1593 et
396 1543 544 1594 reiellendos
559 1544 737 1593 hoereticorum
753 1553 866 1601 erroreu3
877 1540 950 1603 quusi
965 1538 1075 1588 diceret:

208 1613 243 1661 ile
261 1613 360 1662 mireris
377 1623 434 1675 que
446 1612 477 1662 (le
492 1611 628 1674 iiymsooo
642 1616 669 1662 et
680 1611 777 1662 Phileto
791 1609 881 1672 suna,
891 1622 920 1658 n.
934 1611 978 1665 il.
991 1607 1058 1668 dlxi,
1070 1606 1142 1669 quud
1152 1608 1170 1658 e
1181 1610 1244 1659 veri·

176 1686 229 1733 tute
238 1681 394 1744 exciderint,
402 1682 513 1745 iustique
524 1695 639 1734 errorum
655 1683 784 1744 magistri,
796 1678 965 1742 quorumdum
975 1677 1051 1728 tidem
1064 1677 1241 1728 subverterint

207 1752 307 1802 Etenim
318 1753 385 1804 seire
394 1752 500 1812 torulo,
511 1755 585 1814 teque
599 1763 743 1814 praemoneo
751 1747 819 1812 quod
830 1761 882 1798 non
891 1745 964 1810 longe
974 1745 1067 1796 obsunt
1075 1783 1083 1808 ,
1092 1746 1138 1796 sed
1150 1749 1242 1797 instant

176 1825 290 1884 temporo
303 1820 383 1881 duro,
399 1820 506 1881 acerba,
518 1819 630 1870 difficilia
639 1857 646 1881 ,
656 1818 776 1882 perieulis
787 1815 870 1880 plenu.

211 1889 296 1954 Καιροὶ
313 1893 436 1950 κάκιστοι,
452 1893 576 1953 pessimo,
591 1891 628 1940 nit
649 1889 678 1939 ii.
699 1887 908 1949 chrysonomns3
926 1884 1039 1946 mulcet,
1057 1887 1091 1938 ob
1112 1893 1241 1952 corruptos

175 1959 310 2010 hominurn
321 1971 420 2020 mores,
431 1971 490 2020 seu,
503 1961 564 2022 quio
575 1959 694 2009 homines
704 1961 780 2008 erunt
794 1955 872 2017 meli,
885 1958 1015 2019 eorrupit,
1029 1959 1148 2020 pessimi,
1158 1958 1241 2022 quoles

175 2031 204 2080 ln
217 2030 380 2092 sequentibus
395 2029 583 2081 deseribuntur.
1285 2064 1286 2081 .

205 2098 252 2150 Per
270 2101 419 2150 nouissimos
434 2099 487 2149 dies
505 2111 558 2148 non
576 2096 754 2160 intelliguntur
767 2097 813 2148 lrle
835 2095 926 2148 nltlms
947 2096 1049 2147 tontum
1067 2097 1179 2161 mundi,
1199 2111 1240 2150 seu

176 2165 324 2218 Antichristl
345 2172 474 2232 temporo;
491 2169 536 2218 sed
556 2170 633 2218 ellum
662 2169 802 2229 instantio,
821 2165 935 2230 pmxlme
956 2171 982 2217 et
1001 2167 1137 2220 'limotlreo
1159 2170 1240 2221 mhue
1284 2222 1285 2233 ¹

173 2239 276 2288 vivente
286 2237 385 2296 tuturo,
395 2241 425 2286 ut
434 2242 503 2301 putet
514 2249 545 2288 ex
556 2250 583 2288 n.
600 2240 631 2298 t,
642 2237 686 2287 ubl
700 2237 794 2287 dieitur
808 2238 851 2297 el,
863 2242 887 2288 et
902 2236 947 2286 leue
962 2238 1055 2288 deuio

204 2307 297 2357 'lotum
307 2309 392 2369 iisqne
400 2307 527 2370 temnunt
538 2307 639 2358 Christo
651 2319 731 2369 neque
739 2306 773 2356 ud
784 2306 863 2357 tinem
873 2306 979 2369 mundi,
991 2311 1029 2357 est
1039 2313 1143 2372 ternpus
1157 2311 1240 2376 novis-

174 2379 268 2428 simum
281 2388 289 2424 r
300 2377 372 2436 iuxta
394 2375 457 2425 illud
478 2376 569 2426 Joenn.
583 2378 673 2440 prime
688 2378 713 2425 2.
734 2379 772 2426 18.
790 2375 895 2434 filioli,
913 2375 978 2426 horo
992 2380 1133 2429 moissimo
1153 2387 1203 2441 est;
1216 2380 1239 2429 iu

176 2448 229 2506 est,
241 2445 408 2494 novissimum
422 2448 538 2508 ternpus,
550 2444 640 2494 ultimo
656 2448 717 2495 etus
732 2445 822 2496 mundi
829 2463 839 2506 ς
850 2446 1004 2496 novissimus
1017 2447 1137 2499 Ecclesia
1148 2456 1238 2511 nutus,
1283 2480 1284 2501 ;

178 2514 268 2564 ultima
279 2512 319 2564 lex
334 2517 359 2563 et
374 2511 474 2576 religio,
486 2516 528 2564 eui
542 2513 612 2564 nulla
624 2514 740 2565 soeoedet
751 2513 812 2564 ulio.

204 2599 228 2646 ι.
236 2598 267 2648 iu
279 2599 359 2646 mot.
368 2595 411 2646 Gr.
423 2601 499 2648 erunt
509 2598 686 2660 enlm,itnque
696 2602 736 2656 et,
746 2599 785 2648 eet
797 2595 906 2650 munais
919 2599 1082 2661 conjunctio,
1093 2601 1238 2664 signitlouns

175 2664 243 2715 idem
255 2677 285 2714 no
300 2667 361 2728 quio
373 2687 381 2716 .·
392 2665 505 2716 Romanu
519 2679 570 2716 non
582 2664 677 2715 habent
687 2671 718 2715 et.
1282 2686 1283 2705 i

203 2742 237 2790 Et
246 2746 318 2790 mot
340 2739 450 2790 homines
462 2741 555 2804 seipsos
570 2746 692 2790 amanter.
708 2735 754 2790 tir.
771 2739 812 2790 sul
827 2741 968 2803 unruwree,
979 2741 1005 2791 iti
1018 2745 1073 2808 est,
1085 2743 1128 2795 sul
1138 2745 1238 2797 unium

174 2814 313 2871 amotores,
326 2811 362 2860 ult
376 2810 541 2872 Ambrosium
556 2810 624 2860 idem
641 2823 671 2860 uo
689 2818 825 2872 quarentes
837 2824 892 2873 quo
907 2825 955 2862 suu
970 2819 1037 2865 suot.

208 2879 333 2938 usiones,
344 2878 386 2931 lile
397 2882 489 2942 estqui
502 2891 529 2930 se
542 2878 720 2940 solariumst,
735 2881 772 2929 ult
782 2880 993 2942 Thoopuyiootuo.

203 2947 236 3001 Ei
248 2949 302 3000 haee
314 2953 352 3000 est
362 2949 488 3000 mulorum
500 2949 588 3007 radix,
600 2950 713 3011 seipsum
727 2948 810 2998 solum
821 2961 917 2999 umore.
956 2986 963 2992 .

203 3015 274 3070 Siout
284 3032 315 3069 ex
326 3019 448 3070 ohuritote
459 3019 641 3070 omnebonum
652 3055 660 3078 ,
672 3019 710 3070 sio
725 3029 756 3068 ex
771 3017 912 3082 philautia,
926 3024 1012 3086 utpote
1025 3021 1146 3078 ohurituti
1163 3039 1237 3094 oppo-

172 3088 233 3151 ellu,
245 3101 321 3138 omne
332 3087 438 3138 mulum.

200 3157 264 3208 ilum
273 3155 500 3217 elrnritusestlntn,
509 3155 534 3206 id
544 3155 752 3218 est,sese‹iilntnt
761 3155 914 3208 effluentis
924 3160 951 3209 ln
960 3159 1040 3212 Deum
1049 3167 1235 3228 etproxtmnn.

200 3225 327 3277 Plrlleutlu
344 3226 404 3276 uero
424 3226 584 3278 latitudinem
604 3230 659 3288 eius
673 3229 700 3276 ln
712 3230 813 3278 eretum
829 3231 981 3292 constringit
996 3235 1022 3281 et
1039 3234 1066 3282 ln
1080 3248 1164 3287 nuum
1180 3241 1235 3287 ton-

171 3296 302 3347 tnmmodo
313 3293 440 3354 contrahit
449 3331 456 3356 ,
465 3295 560 3346 scillcet
569 3298 596 3346 ln
607 3295 729 3359 seipsum.
742 3296 944 3360 Theophylnetns
954 3303 1011 3363 post
1018 3301 1233 3365 chrysostomum.

206 3362 332 3425 elinowe,
345 3369 383 3415 est
394 3367 466 3427 quusi
480 3365 520 3416 sul
532 3365 677 3428 idololatra,
689 3365 776 3418 omnin
789 3368 822 3417 ud
832 3381 859 3418 se
868 3369 958 3431 refert,
969 3377 1071 3434 propter
1081 3386 1110 3423 so
1120 3375 1195 3438 teuit,
1204 3377 1234 3426 ud

171 3448 211 3496 ue,
226 3437 297 3498 qrrnsl
315 3433 433 3485 ultimum
449 3435 542 3496 linem,
559 3435 668 3486 ordinat.
687 3437 753 3487 illue
773 3439 857 3487 omnis
871 3438 1034 3490 inordinatio.

201 3510 303 3574 cupiet.
316 3509 359 3560 Gr.
378 3512 493 3573 pecunie
505 3515 646 3573 amotores,
661 3512 753 3574 idest,
768 3512 849 3564 everi.

201 3579 334 3641 Postquam
351 3579 461 3631 redicem
480 3580 559 3641 dixit,
574 3579 651 3632 inlert
665 3583 797 3644 speciatim
813 3582 845 3632 ulo
861 3594 892 3633 ee
910 3585 998 3634 enetos
1011 3595 1109 3649 remos,
1126 3599 1231 3652 qnorum

170 3651 268 3715 primus
279 3654 304 3698 et
318 3651 444 3699 maximus
461 3652 499 3699 est
511 3652 626 3701 urerltlo.
638 3651 850 3715 Theophyleetus.

200 3717 237 3766 Ab
246 3729 332 3767 umore
343 3717 382 3766 sul
397 3719 478 3768 oritur
489 3730 560 3768 umor
569 3717 731 3781 divitiorum,
741 3725 864 3782 tanquam
872 3721 949 3772 medii
959 3726 984 3773 et
993 3725 1156 3777 instrumenti
1163 3739 1230 3789 gene·

170 3785 246 3845 ruiis,
261 3799 311 3847 quo
327 3785 375 3835 elbl
396 3787 538 3837 satisfacere
555 3790 633 3850 possit
653 3801 725 3838 umor
739 3791 872 3852 proprius,
890 3795 1046 3854 terrenisque
1064 3794 1114 3844 irut
1129 3785 1227 3846 deliciis.

185 3853 322 3969 1Οιίηιιιιῃιε
349 3855 513 3905 exterioribus
539 3856 612 3906 bonis
634 3856 749 3908 &uetur
771 3857 805 3910 tul
826 3871 903 3910 suum
926 3862 1091 3914 eommutlum
1111 3875 1228 3927 sumque

170 3933 222 3985 gor
232 3933 284 3970 uro.

200 3995 285 4057 etuti,
298 3995 324 4046 it
339 3998 393 4060 eet,
405 3995 530 4061 tortuosi,-
542 3998 699 4062 tuetebuntll.
