2575 4459
277 284 452 339 rttietiix
469 287 694 343 EXPOSI'HO.
713 289 796 343 GAP.
815 290 866 343 Vi.
1048 292 1104 345 m

27 376 225 441 ipositienis
243 392 372 447 quoque
417 394 480 434 ma-
502 383 597 431 trinam
611 383 1048 449 cateahistioam,deilsptittno,de
1063 398 1103 437 n·

27 472 121 521 rum,
502 458 632 503 eramento
647 454 868 515 confirmationis5

27 551 31 584 ι
47 536 293 590 resurrectionis
304 542 479 591 mortuorum
532 544 567 595 ile
578 549 763 598 resurreetione
776 551 936 599 mortuorum
954 551 980 598 et
990 549 1022 599 de
1031 549 1101 610 lodi-

38 613 162 676 judicii
176 614 293 667 aeierni.
501 618 541 665 cio
557 615 711 677 universali,
728 617 755 665 in
767 628 817 678 quo
833 616 893 665 boui
910 617 1003 666 reternd
1023 616 1103 665 ieiici-

500 684 787 765 tateupraemiubuntur3
805 682 868 733 muli
890 684 950 733 verb
972 684 1103 746 suppiioirs

37 800 69 848 5·
93 800 134 851 Et
148 798 374 867 bootaoiemus,
389 800 478 873 siqui-
500 752 866 881 ⁰¹¹1¹r⁰rssafflffi⁰e¹onr¹ffirous
876 818 1008 869 omnm
1026 819 1102 868 omis

27 889 74 927 tm
91 877 271 944 permiserit
283 881 368 935 Deus·
501 887 689 948 sis‚adaitiora
698 886 854 947 tenemur,si
866 886 933 937 bens
939 886 1101 935 concesserit.

533 957 615 1021 (Quid
622 958 693 1007 enim
703 969 806 1006 necesse
816 961 854 1006 est
863 969 907 1019 per
917 955 1101 1007 catechismum

500 1038 545 1075 vos
556 1038 646 1075 rursus
664 1028 797 1076 instituere
811 1026 843 1075 de
858 1026 899 1076 his
916 1024 1057 1077 initialibus
1076 1026 1101 1073 et
1156 1061 1160 1069 .

500 1092 533 1141 ad
544 1093 703 1154 Baptismum
718 1092 928 1155 disponentibus?
941 1090 950 1155 )

45 1154 74 1203 i.
88 1151 284 1219 impossibiie
293 1150 420 1207 estenim
429 1164 478 1206 cos
531 1160 662 1222 siquidem
672 1160 827 1223 impossibiie
839 1165 893 1217 est.
904 1172 935 1209 er
946 1158 992 1209 list
1003 1157 1102 1220 ordina-

42 1348 106 1397 Sire
119 1350 211 1399 etiam
221 1386 228 1409 ,
239 1351 300 1412 quia
312 1352 384 1403 naria
394 1354 421 1401 et
430 1350 529 1402 diverse
540 1354 612 1401 erant
622 1352 687 1401 tuno
697 1350 860 1413 baptismata,
872 1348 986 1410 ludaico,
996 1349 1101 1399 ioannis

26 1420 171 1480 ttihristi3
186 1424 214 1469 et
221 1418 270 1471 boo
284 1420 316 1470 ab
329 1420 388 1471 niiis
399 1420 472 1472 valde
482 1421 689 1483 distinguendum
702 1424 756 1471 arat
765 1424 793 1471 in
803 1421 917 1470 doctrina
929 1420 1100 1471 catechistioa.

44 1495 235 1557 impositionis
248 1508 346 1559 quoque
359 1509 502 1555 mosum,
521 1496 613 1556 idest,
629 1499 781 1545 sacramenti
798 1494 1004 1545 confirmationis
1015 1521 1022 1554 ·‚
1033 1494 1101 1557 qnod

26 1576 59 1611 rer
73 1576 216 1613 manuum
227 1566 415 1628 impositionem
426 1564 571 1627 confertur,
583 1563 730 1629 solebatque
746 1569 809 1617 tunc
824 1563 918 1615 adultis
929 1564 1037 1614 conierri
1047 1568 1101 1614 sta·

26 1635 62 1680 im
78 1632 95 1681 ri
114 1632 265 1696 Baptismoi

47 1710 83 1756 Ac
96 1710 299 1760 resurrectionis
308 1714 487 1770 mortemon,
498 1709 530 1760 da
541 1722 591 1771 qua
604 1708 701 1759 scilieet
713 1710 742 1758 in
756 1706 875 1771 Symboio
885 1707 957 1770 iidet,
969 1712 995 1759 at
1005 1720 1061 1771 qne
1071 1708 1101 1759 in

26 1791 71 1838 pso
85 1778 226 1840 Baptismo
237 1780 449 1842 representatur,
460 1778 534 1830 Rom.
549 1792 606 1842 esp.
620 1782 652 1839 6,
663 1792 691 1829 ιι.
704 1780 728 1828 i.

49 1855 82 1901 iit
90 1853 195 1915 judicii
203 1855 302 1913 ommi,
314 1853 343 1903 in
353 1864 404 1915 quo
415 1853 475 1904 boni
484 1852 696 1917 proemlabuntur,
705 1852 767 1903 maii
776 1855 916 1915 punientur
927 1853 955 1901 in
966 1855 1099 1903 eternum

49 1922 119 1972 iiinc
135 1922 265 1973 docemur
277 1923 394 1975 ordinem
411 1935 463 1987 quo
477 1922 593 1975 solebant
608 1921 717 1985 apostoli
736 1922 905 1972 ebrudunum
919 1921 1019 1973 tradere
1040 1920 1100 1971 doe·

26 2004 130 2042 innam.
445 2022 447 2027 ·

52 2062 161 2123 Primo,
177 2062 322 2113 excitabant
335 2062 369 2113 ad
380 2063 556 2127 penitentiam
566 2060 598 2111 de
608 2062 734 2123 peccans.

53 2130 154 2183 iieinde
169 2132 249 2183 iidem
268 2136 296 2184 in
307 2134 388 2184 Deum
404 2138 430 2183 et
441 2134 469 2183 in
480 2131 610 2181 Christum
621 2130 761 2191 erigebant.

53 2201 146 2252 Postea
160 2204 322 2267 Baptismnm
333 2203 507 2266 proponebant
518 2204 591 2263 cutus
602 2202 724 2250 virtutem
735 2197 903 2261 explicabant.
1113 2231 1119 2237 -

55 2271 196 2333 Bnptiantis
215 2273 377 2335 postmodum
396 2284 489 2323 manus
505 2270 684 2334 imponebant,
697 2275 726 2320 ut
740 2282 786 2331 per
796 2270 986 2318 sacramentum
1005 2268 1100 2318 contir-

27 2343 152 2392 mationis
169 2343 295 2405 Spiritum
308 2345 426 2393 sanetum
438 2345 465 2392 et
475 2340 553 2391 robur
563 2340 650 2403 gratita
665 2342 823 2403 reciperent,
834 2348 885 2399 quo
895 2338 1039 2399 generosius
1054 2350 1100 2401 pro

27 2410 75 2457 tide
94 2411 268 2463 decertarent.

58 2480 188 2544 benique,
205 2482 238 2533 ad
251 2486 419 2535 coustantium
430 2482 574 2533 ereitsbont
584 2494 628 2545 spa
637 2480 751 2544 gloriose
761 2480 954 2531 resurrectionis
964 2483 990 2529 et
1000 2483 1100 2532 eterne

31 2552 107 2611 riiae;
121 2558 148 2603 et
160 2555 197 2604 ab
207 2557 331 2618 apostasia
347 2554 506 2605 deterrebant
519 2554 691 2603 domuitionis
710 2556 810 2601 eterne
825 2554 906 2601 meto.

62 2638 86 2682 3.
103 2638 137 2684 Et
157 2638 220 2696 boe,
242 2635 269 2687 id
288 2640 343 2698 est,
354 2636 452 2687 seilicet
462 2638 491 2685 ut
501 2673 508 2695 ,
520 2636 621 2685 omissis
633 2634 692 2683 fidoi
703 2633 855 2682 rudimentis
866 2669 873 2690 ‚
885 2632 918 2682 nd
929 2632 1018 2683 altiora
1034 2634 1100 2684 iera·

33 2714 105 2764 niun
119 2705 170 2757 hoc
181 2744 189 2769 ,
200 2708 319 2769 inquom,
330 2706 432 2757 favente
443 2706 488 2757 liei
499 2704 580 2767 graui
594 2716 673 2765 quam
685 2714 774 2767 sporo,
786 2700 876 2751 iteum
887 2704 916 2752 in
927 2705 1099 2765 sequentibus.

62 2788 86 2835 i.
101 2790 263 2853 impossibile
282 2796 317 2841 eet
334 2793 430 2853 ent'm.,.
667 2809 671 2816 ’

63 2856 110 2907 ilat
126 2864 253 2911 rationem
265 2862 296 2911 ob
307 2874 384 2924 quum
398 2859 429 2911 de
444 2856 677 2909 fundamentalibus
694 2856 875 2907 christianismi
893 2855 1042 2905 veritntibns
1056 2856 1098 2907 hio

35 2939 83 2974 non
95 2934 171 2992 agat,
189 2944 222 2981 ns
237 2930 333 2982 scilieet
349 2931 427 2991 huius
448 2928 569 2979 doctrine
581 2928 731 2989 repetitione
748 2924 843 2975 ioveret
853 2936 965 2974 errorem
977 2937 1099 2986 qnorum-

35 2995 91 3044 ‹inoi
103 2998 281 3061 ilebraeorum,
293 3001 439 3063 putantium
450 2996 517 3060 qudd
530 2999 597 3045 sicut
609 2997 636 3043 in
649 2994 777 3055 ludaismo
796 2995 890 3056 saepius
906 2993 1099 3055 baptizabuntur

38 3065 88 3113 nti
104 3066 226 3129 legalibus
236 3070 406 3119 immunditiis
420 3064 639 3119 sanctificarentur
648 3084 657 3124 ,-
669 3065 706 3112 sie
722 3065 750 3112 tn
765 3062 953 3112 christianismo
970 3062 1099 3113 multoties

37 3141 134 3190 possent
147 3138 267 3200 baptizari
283 3143 308 3187 et
324 3139 435 3201 priorem
447 3137 544 3197 assequi
561 3136 669 3196 gratim
679 3152 687 3183 ι
698 3130 809 3194 hincque
824 3130 927 3182 iiberids
943 3132 1098 3195 peccabant,

38 3207 61 3247 ot
71 3203 190 3257 dissolute
201 3209 332 3267 viventes,
344 3210 369 3256 et
382 3208 397 3257 i
413 3205 462 3256 tide
474 3205 626 3255 deficientes.

67 3272 100 3322 De
111 3275 159 3326 hoo
172 3290 256 3327 erroro
271 3276 449 3339 liebraeorum,
460 3276 518 3326 ride
534 3275 563 3324 ii.
575 3274 798 3335 Chrysostomnm,
808 3271 994 3322 ‘ihaodoretum
1003 3310 1010 3334 ,
1018 3272 1100 3323 ibeo·

38 3341 198 3408 phyiaotum,
210 3348 346 3398 Erasmum
363 3349 441 3397 etiam
451 3347 480 3395 in
492 3344 717 3403 annotationibus,
728 3342 758 3393 D.
770 3342 910 3403 thomam,
927 3344 956 3392 in
970 3356 997 3392 n.
1014 3346 1039 3392 o.
1051 3342 1100 3392 Ga-

41 3423 146 3468 gneum.

69 3480 141 3533 iiuno
162 3498 219 3549 ergo
239 3498 350 3538 errorem
365 3488 394 3535 ut
409 3497 511 3548 prorsus
527 3484 669 3545 exstinguat
678 3479 827 3545 Apostolus,
837 3483 864 3532 et
873 3478 988 3529 hebreos
998 3482 1030 3531 nb
1041 3493 1099 3545 rpo-

42 3550 113 3599 sinsin
124 3554 225 3614 penitus
238 3555 377 3614 deterreat,
389 3557 443 3603 nit:

71 3624 223 3686 impossibile
235 3634 270 3679 cst
282 3629 362 3687 enim,
375 3629 448 3689 quasi
464 3626 557 3676 diceret
567 3644 575 3674 ι
587 3625 691 3675 Frustrd
705 3636 751 3674 ros
767 3623 800 3673 de
815 3622 857 3673 his
874 3621 1015 3673 initialibus
1029 3627 1055 3673 et
1068 3625 1100 3675 nd

43 3689 193 3753 baptismum
206 3698 396 3759 disponentibus
409 3706 512 3746 rursum
524 3696 691 3753 instruerem
710 3691 866 3755 impossibiie
881 3695 919 3742 cst
936 3692 1006 3742 enim
1022 3693 1099 3744 semei

43 3758 173 3821 baptizatos
183 3803 191 3826 ‚
202 3771 228 3816 et
240 3767 332 3817 deinde
344 3768 361 3816 d
372 3766 423 3816 dde
434 3764 562 3828 prolapsos
573 3776 618 3826 per
633 3765 808 3826 poemtentiom
819 3761 995 3826 baptismuiem
1004 3763 1039 3814 nd
1053 3776 1099 3813 no-

46 3838 99 3879 vam
108 3836 183 3885 ritem
194 3838 345 3899 regenerari.

73 3903 115 3956 iiie
125 3922 212 3961 sensus
224 3912 317 3962 clarius
326 3911 420 3975 patebit
426 3922 463 4031 ff
473 3908 630 3971 singulorum
643 3908 778 3957 verborum
789 3907 963 3970 explicatione.

79 3973 228 4038 innocentie
238 3987 273 4031 est
283 4002 292 4033 .-
303 3993 356 4045 non
374 3980 426 4033 dixi
457 3979 550 4041 nutiie,
561 3978 722 4040 indecorum
732 3976 776 4027 sed
786 3977 957 4041 imperabas,
972 3983 1001 4029 nt
1010 3980 1043 4030 ad
1055 3980 1100 4029 de-
