2575 4459
311 274 485 333 rntetsx
502 280 728 337 expositio.
747 282 829 339 cti).
847 283 898 340 tx.
1023 239 1025 242 Ι
1083 284 1140 342 mi

79 368 336 425 remordeamur
345 375 513 428 Testamenti
567 375 670 437 Etonia
678 378 783 429 divinm
792 379 835 429 iric
848 380 956 441 mugnis
966 378 1072 430 induite
1081 382 1137 431 rtr-
1150 364 1154 367 ⁴

27 446 280 513 mediatorem,
291 456 322 502 ui
334 451 515 505 moi-winter.
537 444 598 493 tutis
613 449 652 494 est
671 445 705 495 ad
724 449 870 497 animarum
889 447 1136 509 sanctificationem,

29 522 206 588 cedente,
236 523 266 576 in
293 526 514 593 redemptionem
537 517 668 575 propterea
683 514 798 566 Christus
816 519 876 566 novt
887 516 1039 567 Testamenti
1054 518 1137 568 tuctus

34 683 141 731 erant
156 678 311 744 subpriori
326 644 512 748 Tesmmgnw’
537 648 671 709 guintsque
687 652 727 699 sut
751 650 919 711 effusionem,
938 652 1038 703 abolitis
1057 657 1136 706 totius

35 755 317 819 repromissionem
377 760 513 826 accipiant
536 714 1026 854 fflfffin'guissffmwssnffl
1042 722 1137 844 8ἷῇῗᾶ

40 832 108 896 qui
118 832 220 885 vocati
231 836 297 887 suni
305 838 417 889 aeierssae
427 836 514 893 haeie·
537 865 588 901 non
604 858 730 916 poterant,
742 869 812 919 spem
825 857 935 908 habeant
947 864 1046 909 mierum
1056 860 1137 911 here-
1186 861 1190 869 '

40 908 171 963 ditatis.
536 920 620 972 ditatis
632 928 764 985 promisse
774 928 937 998 possidendae,
947 931 1092 993 quicunque
1103 928 1135 982 ed
1224 938 1230 948 '

536 1003 592 1040 eum
608 996 691 1042 vocati
704 1000 774 1045 sunt.

89 1056 143 1109 iti.
155 1052 211 1109 Ubi
230 1055 305 1109 enim
316 1062 511 1117 testamentum
566 1060 638 1122 Dixi,
655 1068 738 1113 marta
755 1065 925 1116 intercedente
941 1085 948 1117 r
968 1081 1029 1119 narn
1045 1068 1088 1120 uhi
1103 1070 1135 1120 da

41 1136 118 1195 est,
134 1146 217 1186 mors
236 1148 351 1190 necesse
367 1142 409 1191 est
423 1136 511 1193 inter.
535 1128 695 1181 Testamenta
708 1134 805 1193 agitur,
818 1148 887 1183 mors
902 1138 1013 1198 ejusqui
1029 1142 1135 1191 testatus

42 1210 144 1265 cedat
158 1213 310 1267 testatoris·
535 1196 613 1245 estad
622 1197 795 1249 haereditatem
802 1202 979 1264 possidendam
986 1208 1133 1269 requiritur.

91 1292 145 1344 tr.
166 1292 376 1344 Testamentum
391 1291 466 1346 enim
480 1292 509 1345 in
564 1292 754 1343 Testamentum
766 1295 835 1343 euim
844 1296 969 1345 testatoris
980 1300 1062 1346 morta
1072 1310 1133 1347 con·

45 1367 186 1421 mortuis
209 1368 402 1421 confirmatum
435 1375 478 1423 est
502 1388 508 1423 :
533 1360 667 1423 firminis
683 1361 860 1423 quodcertum
882 1364 1131 1427 r0b¹111¹⁰¹¹h⁸li0i2

46 1446 192 1512 alioquin
205 1445 331 1499 nondum
340 1447 429 1515 valet,
442 1448 508 1501 dum
532 1430 646 1493 quandiu
658 1433 722 1481 vivit
731 1436 845 1491 testator,
855 1435 899 1494 qui
912 1435 994 1497 potest
1004 1432 1068 1483 titud
1077 1446 1133 1485 mu-

48 1525 131 1578 vivit
142 1525 194 1593 qui
205 1530 322 1581 temtus
334 1533 386 1581 est·
506 1563 509 1568 .
532 1506 586 1549 turo
599 1504 643 1549 aut
657 1500 760 1550 irritum
770 1499 882 1552 reddere.

91 1716 175 1777 Cujus
193 1717 295 1767 vinnm
309 1719 346 1767 ost
364 1717 433 1769 istud
445 1718 503 1769 Filii
518 1718 563 1770 tici
577 1717 751 1769 sacrificium?
764 1716 889 1779 intinitae,
903 1722 989 1783 utpote
1002 1719 1066 1783 deni
1080 1721 1131 1771 in-

54 1784 203 1845 macntati,
216 1788 485 1839 sanctitatisinttnitae.
870 1786 872 1791 ’

92 1857 143 1905 Per
157 1856 224 1917 qnod
245 1859 347 1919 signum
364 1872 500 1921 agnoscere
517 1870 653 1923 possumus
668 1871 702 1907 an
724 1857 802 1917 huius
820 1856 937 1907 sacrificii
953 1859 1033 1907 simas
1050 1860 1130 1921 perti-

55 1928 152 1987 cipesi
167 1926 193 1975 st
213 1930 323 1990 peccatis
338 1930 449 1989 mortui,
463 1931 489 1979 ct
508 1929 524 1978 t
542 1927 639 1979 mundo
653 1928 774 1989 segregati
791 1926 842 1976 heo
857 1928 986 1987 vivimus,
1003 1926 1054 1976 heo
1070 1930 1130 1978 vivo

57 1996 126 2046 vere
139 1999 202 2047 etin
216 1999 307 2060 spiritu
323 2001 457 2049 servimus.

93 2065 194 2117 Christo
204 2066 280 2128 iesu,
291 2067 381 2125 mundi
392 2068 555 2130 redemptori
568 2066 636 2117 hana
649 2064 714 2115 mihi
729 2065 796 2114 dana
810 2065 907 2124 vitom3
922 2076 967 2127 per
985 2069 1060 2114 tuum
1070 2077 1130 2127 prc-

58 2136 231 2186 tiosissimum
244 2141 409 2200 sanguinem,
429 2139 513 2189 tribuo
527 2142 556 2188 ut
570 2139 603 2189 ab
622 2136 740 2199 operibus
751 2135 859 2185 morteto
874 2133 954 2196 iiber,
970 2134 1021 2185 lieo
1034 2136 1129 2187 viventi

62 2210 171 2269 vivam,
185 2208 257 2270 etque
272 2208 300 2258 in
317 2210 408 2273 spiritu
424 2211 450 2259 et
463 2210 568 2259 veritate
584 2210 701 2259 serviam.

100 2292 139 2341 ti.
149 2291 259 2351 Etideo,
271 2291 297 2341 id
308 2295 355 2352 est,
367 2293 426 2354 quta
438 2292 540 2354 sanguis
551 2291 643 2342 Christi
656 2289 774 2339 emundat
783 2287 955 2339 comcicntiam
966 2286 1000 2338 ah
1011 2290 1129 2351 operibns

61 2359 190 2419 marton,
205 2360 273 2423 quod
294 2360 381 2409 omnia
396 2361 488 2411 veteris
501 2360 562 2421 legis
580 2357 703 2409 sacriticta
724 2360 844 2422 prestare
864 2368 916 2407 non
929 2360 1058 2422 poterant,
1071 2361 1128 2411 idea

65 2428 181 2478 Christos
196 2432 257 2481 nori
273 2430 419 2481 Testamenti
432 2430 555 2481 mediator
566 2429 701 2492 sanescat.

101 2504 132 2552 Ut
145 2508 221 2554 morta
233 2506 402 2556 intercedente.

99 2571 162 2633 Quia
179 2584 209 2621 ex
224 2572 318 2624 Christi
336 2578 418 2623 morte
433 2570 574 2636 plurimum
591 2570 783 2623 attendebantur
795 2572 892 2633 iudei,
907 2572 979 2622 hunc
993 2571 1023 2623 i).
1034 2574 1128 2625 Pauim

65 2640 176 2692 ostendit
190 2647 297 2693 mortem
317 2642 410 2694 Christi
428 2645 454 2691 et
468 2643 616 2693 hominibus
633 2644 800 2690 necessariam
815 2640 907 2700 tuisse,
925 2646 950 2690 et
969 2641 1017 2690 sibi
1037 2642 1128 2702 ginno-

66 2726 140 2771 sam;
154 2714 236 2773 utpote
251 2726 307 2774 qua
320 2713 455 2764 hominum
465 2716 569 2775 peccata
581 2710 690 2771 delevit,
703 2714 729 2759 et
741 2709 870 2762 Christum
881 2709 941 2759 tecit
951 2709 994 2758 liei
1008 2713 1033 2759 ct
1043 2710 1127 2763 homi-

68 2793 134 2831 num
151 2780 321 2831 mediatorem.

102 2856 132 2905 uc
145 2855 301 2915 mediatoris,
322 2868 366 2907 seu
386 2857 513 2907 testatoris
526 2854 605 2919 ipsius
618 2861 698 2905 morte
711 2855 891 2905 innomicntc.

100 2924 172 2974 Vetus
186 2924 374 2976 Testamentum
387 2926 514 2990 pecudum
523 2926 647 2989 sanguino
656 2927 783 2975 sancitum
793 2919 854 2985 ruit,
870 2934 966 2972 novum
976 2922 1036 2973 verd
1047 2925 1126 2987 ipsius

68 2994 205 3045 mediatoris
218 2996 350 3055 sauguine.

102 3070 131 3117 in
148 3068 335 3129 redcinptioncm
351 3082 439 3119 earnm
456 3068 697 3132 prevaricationem
716 3079 772 3128 pue
788 3071 859 3115 cram
873 3064 920 3115 sah
935 3066 1020 3128 priori
1042 3066 1125 3116 Testa-

71 3142 164 3198 mmto;
175 3139 217 3196 ut,
230 3135 349 3198 induam,
361 3150 406 3200 per
419 3141 526 3186 moriem
543 3138 621 3199 ipsius
639 3136 837 3194 redimerentur,
849 3146 901 3183 non
915 3135 954 3182 sai
965 3132 1066 3182 tantum
1079 3147 1126 3196 po-

71 3206 124 3272 puli
135 3208 246 3269 pcccatn3
257 3206 301 3257 sed
312 3210 337 3256 et
349 3218 453 3268 eorum,
465 3218 509 3255 seu
520 3205 666 3256 iudeorum
676 3242 683 3265 ,
693 3206 737 3266 qui
747 3204 793 3253 sub
805 3206 887 3266 primo
895 3203 1055 3253 Testamenta
1066 3216 1126 3267 pee-

72 3280 191 3331 caverunt.
211 3322 214 3329 ,
233 3301 241 3323 κ
407 3311 411 3327 r

103 3348 146 3397 iiic
159 3346 188 3396 dc
200 3345 293 3397 iudeis
308 3344 432 3407 loquitur,
447 3346 506 3407 quia
524 3344 610 3395 scribit
625 3345 658 3395 ad
671 3357 730 3405 eos;
744 3344 787 3393 sed
806 3348 835 3392 ut
852 3342 912 3392 alibi
935 3354 1001 3405 eaepe
1011 3343 1089 3402 dixit,
1102 3345 1128 3391 et

73 3418 196 3481 speciatim
216 3418 304 3479 prime
320 3416 352 3464 ad
368 3414 479 3465 Timoth.
493 3417 518 3475 t,
543 3415 656 3466 Christus
673 3415 740 3465 dedit
755 3415 914 3475 rnnctipcnm
934 3414 1126 3475 redemptionem

73 3502 119 3551 pro
129 3486 245 3535 omnibns.
1057 3485 1061 3489 ’

104 3560 316 3622 demamnsioncm
328 3560 494 3622 accipiant...
503 3563 533 3610 ut
543 3560 587 3621 qui
598 3562 635 3611 sic
648 3559 664 3610 i
676 3561 786 3623 peccatis
796 3556 896 3614 liberati
909 3558 987 3617 suut,
1001 3556 1125 3620 accipiunt

75 3634 185 3679 eternam
194 3627 368 3679 hereditatem
380 3629 428 3678 sibi
442 3619 591 3691 promissam
601 3667 608 3689 ‚
619 3630 652 3679 ed
665 3642 743 3691 quam
752 3628 835 3678 vocati
848 3629 918 3677 sunt.

107 3716 132 3761 id
146 3714 168 3760 et
183 3714 219 3759 ti.
236 3710 282 3759 imi
295 3711 361 3759 enim
376 3715 547 3760 testamentum
558 3716 601 3760 eat.
619 3711 681 3759 Vide
695 3710 879 3772 paraphrasim.

106 3781 170 3841 Urget
179 3779 270 3828 Christi
281 3781 370 3829 mortis
381 3780 572 3837 necessitatem,
584 3780 689 3841 gloriam
699 3785 724 3828 et
734 3779 851 3839 iactuum
865 3780 1008 3841 supposito,
1020 3779 1125 3842 scilieet,

78 3850 137 3912 quod
148 3848 256 3897 christus
276 3850 311 3897 ite
325 3850 357 3897 sit
371 3849 494 3898 mediator
508 3852 568 3897 nori
580 3848 747 3907 Testamenti,
762 3856 791 3898 ut
804 3851 838 3898 sit
850 3852 926 3899 eiiam
938 3852 992 3912 ipse
1004 3854 1124 3912 testator,

79 3932 119 3969 seu
130 3917 273 3967 Testamenti
285 3922 374 3967 auctor
390 3921 414 3965 et
426 3915 582 3965 hereditatis
592 3920 746 3978 promissum
762 3922 798 3966 sic
809 3922 1000 3979 argumentetur
1012 3938 1019 3967 ε

84 4042 87 4049 ,
106 3983 282 4037 itinerante
293 3988 443 4035 testamenta
454 3983 567 4047 legatur,
581 3998 681 4037 necess
693 3992 733 4037 est
748 3987 812 4037 mart
823 3991 967 4041 testatorem
978 3989 1125 4051 priasamm
