2575 4459
355 448 365 463 ,
461 366 686 461 rnnrurro.
758 419 761 424 ⁴
1080 404 1103 459 c

25 494 136 579 primo
150 516 195 565 ex
213 498 282 582 ipso
298 500 444 583 Epistola
461 502 561 582 serie,
581 518 653 585 quoe
663 498 845 585 mouitestut
862 494 951 581 quod
961 495 1100 563 secunus

25 606 87 683 sit,
101 606 139 668 et
153 604 282 669 alterius
293 607 558 688 complementum
578 606 672 671 :vido
685 606 848 687 hucusque
867 603 960 679 dicto.

69 706 236 787 Secundo,
263 727 306 775 ex
326 711 395 793 ipso
412 712 507 777 textu
532 710 642 793 cupitis
661 709 812 789 secundi,
830 713 862 781 t.
887 709 945 787 14,
966 705 1100 789 primum

27 816 164 883 citante.
178 816 316 907 Denique
329 833 372 881 ex
383 832 424 883 oo
436 812 522 899 quod
534 815 568 879 id
586 818 707 881 asserat
719 814 862 894 Grotius,
873 813 959 877 nultt
974 812 1101 879 nictus

29 921 223 987 auctoritate
236 944 244 986 ε
257 923 377 987 nullam
386 922 471 986 onim
483 921 578 1001 citet,
594 922 680 987 nullo
691 921 814 987 rationo
823 917 992 1000 stobffitus3
1005 932 1101 1001 quom

33 1026 125 1091 euim
137 1024 248 1107 affert,
259 1028 345 1091 nullo
357 1044 487 1108 prorsus
500 1030 561 1092 est.
699 1076 702 1082 .

73 1132 177 1211 Hujus
197 1131 244 1197 rei
264 1136 485 1215 argumentum
507 1134 578 1212 est,
592 1130 693 1213 inquit
709 1130 834 1197 Grotius
847 1127 1099 1212 inprecatione,

32 1233 124 1315 quod
136 1237 249 1301 monus
265 1254 331 1301 suo
345 1236 471 1318 signum
485 1238 654 1318 Apostolus
668 1234 923 1317 rultobscrvui3
936 1234 1024 1317 quod
1035 1250 1102 1301 nou

35 1341 189 1421 fecisset,
207 1342 236 1406 si
250 1343 317 1421 jam
329 1340 405 1407 alios
418 1340 606 1422 scripsisset.

75 1450 169 1527 iimo,
191 1448 337 1529 inquam,
361 1448 442 1513 rotio
460 1448 545 1511 uuila
563 1461 695 1529 prorsus
714 1446 864 1530 :apponit
877 1445 961 1511 enim
976 1443 1101 1527 siguum

34 1554 130 1617 divus
143 1554 276 1632 Paulus,
296 1553 388 1635 qrrie,
410 1553 492 1619 sicut
505 1554 573 1633 iam
585 1552 671 1631 dixi,
685 1554 941 1653 supponeboutur
955 1550 1101 1635 Epistolm

36 1660 143 1739 salsae3
154 1661 192 1722 ut
207 1675 290 1725 verae
307 1658 426 1723 scilicet
437 1657 456 1723 t
469 1658 675 1740 supposititiis
688 1658 949 1723 discemereutur.

78 1762 228 1844 Eiusdem
245 1763 416 1845 opiuionis,
433 1763 538 1845 quoad
550 1764 722 1829 secundom
734 1767 786 1829 sut
801 1767 938 1846 portem,
961 1761 1099 1842 salsitas,

36 1887 97 1933 seu
112 1866 200 1949 quod
215 1869 294 1933 fauo
319 1869 361 1934 sit
383 1869 599 1951 interpretatio
616 1870 713 1935 Grotii
732 1870 773 1933 de
793 1869 929 1951 coligult
948 1870 982 1933 et
1002 1868 1043 1933 de
1059 1868 1103 1932 Si-

37 1994 136 2040 mone
148 1978 255 2057 uago,
269 1974 426 2041 videbitur
438 1995 498 2041 suo
509 1978 596 2057 loco,
611 1977 713 2058 cupite
730 1976 888 2057 secundo,
903 1980 935 2050 t.
952 1984 1001 2041 11.

80 2078 194 2161 Porro,
208 2081 264 2145 uhi
284 2084 317 2145 et
329 2082 454 2163 quondo
469 2082 585 2163 scripta
600 2082 642 2145 sit
658 2083 728 2146 huc
741 2083 893 2163 Epistola,
908 2098 974 2146 non
985 2096 1100 2145 convo-

39 2191 131 2254 niunt
143 2191 293 2253 Doctores
309 2188 536 2253 :communiter
552 2191 675 2268 tomen,
686 2191 760 2268 post
770 2186 958 2265 Boronium,
974 2188 1102 2267 putatur

42 2296 158 2376 scripto
179 2291 336 2373 corinthi,
359 2293 440 2357 siout
458 2296 491 2358 et
510 2292 609 2375 primo
625 2315 632 2357 :
647 2292 691 2357 ibi
705 2292 789 2357 enim
803 2291 895 2357 divus
911 2292 1025 2355 Paulus
1044 2309 1102 2373 per

41 2399 218 2472 octodecim
237 2416 365 2463 menses
382 2398 575 2479 permansit,
589 2400 673 2463 teste
689 2398 762 2466 divo
775 2400 877 2479 Luct,
891 2400 974 2479 Act,
987 2414 1017 2462 c.
1041 2404 1100 2478 18,

43 2510 72 2578 i.
101 2513 156 2587 113
169 2504 230 2568 fuit
242 2521 319 2586 crgo
336 2503 451 2585 scripto
467 2519 550 2567 nuno
562 2506 602 2567 52
614 2504 666 2568 vel
676 2505 728 2568 53.
