2575 4459
278 292 862 380 aararnxnxaos1r1o.cla;lx.
1051 320 1106 380 aas

29 541 1104 585 ”mammenus-sommum

223 760 485 845 ANALYSIS
513 761 724 847 capills
753 763 901 849 NONI.

26 1128 62 1223 [u
75 1172 137 1229 tine
150 1172 249 1245 capitis
261 1173 353 1229 octavi
365 1172 434 1229 dixit
445 1180 527 1230 vetus
539 1176 747 1231 Testamentum
759 1190 925 1244 pernotum
933 1178 1097 1248 abmgatum

26 1261 114 1313 'nisse
130 1276 138 1313 ι
153 1272 189 1311 ne
201 1257 329 1311 videatur
350 1262 443 1311 autem
463 1258 530 1313 illud
548 1259 696 1314 damnasse
712 1260 786 1315 velut
802 1260 917 1327 inrutile,
930 1263 1032 1316 multas
1051 1264 1097 1319 hic

26 1345 101 1397 llius
113 1342 153 1395 ad
167 1341 217 1395 nei
228 1341 333 1395 'cultum
347 1341 480 1395 utilitates
491 1340 584 1398 refert.

54 1430 177 1479 Fatetur
188 1438 255 1492 ergo
267 1424 344 1491 qnod
356 1429 384 1477 et
395 1424 466 1479 ritus
476 1431 503 1479 et
514 1426 697 1481 caeremonias
708 1426 802 1481 adlici
813 1428 918 1481 cultum
926 1428 1096 1495 pertinentes

25 1508 174 1574 hahuerit,
189 1512 216 1562 et
231 1508 457 1575 tabernaculum,
470 1510 500 1563 in
515 1523 572 1577 quo
584 1509 629 1563 his
643 1508 744 1564 ritihus
763 1511 901 1565 coleretur
919 1514 1008 1579 heus,
1022 1512 1050 1580 7.
1065 1517 1094 1566 1.

55 1597 121 1647 lioc
134 1592 344 1645 tabernaculum
364 1592 497 1647 describit
514 1593 608 1661 quoad
627 1599 720 1661 partes
735 1600 763 1648 ct
776 1595 871 1662 quoad
883 1608 992 1663 eaquae
1003 1595 1098 1649 conti·

24 1677 131 1741 uehat,
152 1674 249 1729 sivein
269 1680 377 1741 sancto,
397 1676 454 1730 sire
473 1676 502 1730 iu
519 1679 853 1748 sanctasanctorum.
871 1682 1003 1746 1,5,1,
1020 1682 1054 1745 53
1067 1684 1095 1733 et

24 1761 123 1827 nrroad
135 1756 271 1813 sacrillcia
287 1763 316 1813 et
326 1758 480 1814 ministeria
492 1774 555 1827 quur
568 1760 672 1815 fiebant
683 1761 712 1815 in
724 1767 861 1830 utroque,
874 1762 901 1830 7.
915 1766 947 1830 6,
962 1765 989 1817 l.

55 1845 86 1913 ir.
107 1848 140 1910 8,
158 1844 256 1909 9,10.
278 1844 344 1896 llaec
364 1842 426 1910 ipsa
448 1856 512 1911 quae
531 1842 600 1919 dixit
623 1844 839 1912 interpretatur,
860 1851 938 1899 etex
956 1845 1011 1899 illis
1025 1843 1095 1912 ipsis

23 1928 150 1981 ostendit
161 1925 242 1980 istius
261 1926 430 1980 Testamenti
446 1916 751 1982 ueterisinllrmitatem
771 1935 799 1982 et
816 1928 1038 1983 insufficientiam
1056 1928 1093 1982 ad

23 2010 241 2066 sanctificandas
250 2010 358 2063 animas
369 2015 397 2064 et
408 2010 445 2064 ad
458 2012 560 2065 coelum
572 2010 613 2065 eis
624 2012 816 2078 aperiendum.

58 2097 96 2150 lli
108 2096 167 2149 duo
180 2093 294 2148 effectus
309 2093 418 2148 Christo
434 2093 559 2163 pontiflci
570 2100 669 2148 nostro
682 2100 762 2148 erant
773 2095 916 2149 reseruati.

57 2180 87 2248 i.
103 2182 138 2232 11
153 2180 237 2232 elli.
258 2176 326 2232 iloni
340 2176 518 2245 pontillcatds
530 2176 681 2231 efficaciam
698 2177 739 2232 sic
751 2178 894 2245 exprimit,
910 2183 942 2232 ut
953 2182 981 2232 et
992 2176 1092 2233 Christi

22 2262 168 2330 pontificis
180 2275 265 2330 super
285 2275 385 2316 omnes
402 2262 505 2330 legales
524 2261 672 2329 pontifices
689 2261 879 2317 excellentiam
893 2262 1037 2330 exprimat.

57 2347 188 2402 Pontifex
200 2352 242 2401 est
257 2360 316 2400 nou
325 2344 534 2413 temporalium,
548 2346 599 2401 sed
609 2351 779 2402 aetemomm
790 2346 945 2415 honorum3
963 2347 1088 2413 transiit,

22 2446 81 2485 non
95 2446 148 2500 per
157 2430 365 2486 tabernaculum
375 2422 521 2485 hominum
531 2430 661 2486 manilius
669 2430 784 2497 iactum,
793 2430 869 2486 sedd
879 2431 982 2499 Spiritu
993 2438 1090 2487 sancto

22 2514 186 2581 formatum3
201 2527 258 2567 nou
275 2527 340 2568 cum
351 2512 487 2582 sanguine
502 2528 654 2581 pecorum,
669 2515 721 2569 sed
735 2530 800 2569 cum
811 2529 864 2569 suo
873 2515 1009 2584 sanguiue
1023 2528 1090 2583 pro-

22 2599 101 2664 pri03
114 2597 226 2651 intrarit
241 2597 270 2650 in
290 2598 391 2651 Sancta
408 2601 584 2665 sauctorum,
597 2612 657 2653 non
674 2604 801 2664 murena,
816 2598 867 2652 sed
878 2599 1018 2664 coelestia3
1031 2611 1090 2652 nou

22 2683 110 2736 semel
125 2682 154 2736 in
166 2694 256 2746 anuo,
269 2680 319 2735 sed
337 2681 424 2735 semel
442 2681 576 2748 omnind;
587 2695 645 2736 non
656 2682 749 2735 annua
763 2680 872 2735 tantum
885 2682 967 2750 legali
983 2674 1088 2735 saucti-

22 2767 153 2821 lrcatione
162 2763 351 2835 pmcurandt,
359 2764 411 2818 sed
421 2764 526 2819 aeternt
535 2770 563 2820 et
571 2764 694 2835 perlecta
703 2765 860 2819 animarum
871 2763 1089 2820 sanctificatione

22 2850 144 2917 peracta.

60 2935 90 3003 j.
104 2937 141 2988 15
160 2936 188 2987 et
203 2935 249 2987 ll.
266 2935 343 2987 lianc
358 2932 507 3002 Sanguinis
518 2932 618 2989 chrisfi
634 2929 784 2988 efficaciam
802 2928 903 3000 prohat
921 2943 955 2987 ex
967 2924 1088 2986 efficacia

22 3018 166 3071 hircorum
176 3022 205 3072 et
218 3016 368 3071 uitulorum
380 3016 508 3085 sanguini
521 3016 537 3069 l
548 3016 653 3071 ludaeis
662 3016 804 3070 attribute.
816 3016 845 3069 Si
856 3021 965 3083 poterat
974 3013 1088 3081 sanguis

22 3114 158 3167 pecorum
169 3100 292 3169 legaliter
303 3099 491 3165 sanctificare,
505 3101 611 3167 quanto
625 3099 714 3168 magis
730 3100 849 3168 Sanguis
865 3098 980 3165 Christi,
992 3098 1088 3152 imma·

23 3184 108 3239 culati
120 3184 191 3251 agni
209 3184 273 3251 Dei,
288 3182 474 3239 conscientias
486 3182 502 3235 a
514 3183 636 3250 peccatis
654 3182 817 3237 emundabit
832 3179 842 3236 l

53 3269 84 3337 j.
97 3270 143 3321 15.
156 3268 197 3323 01)
216 3267 289 3323 hanc
306 3258 351 3321 sui
371 3265 519 3335 Sanguinis
539 3265 708 3332 efficaciam,
724 3266 906 3338 christi'nori
918 3259 1086 3320 Testamenti

23 3351 161 3406 mediator
179 3351 269 3405 iactus
286 3356 345 3416 est,
358 3355 391 3403 ut
409 3362 460 3416 per
476 3349 520 3403 sui
540 3349 689 3417 Sanguinis
709 3348 873 3404 effusionem
886 3349 981 3403 omnia
1001 3345 1087 3402 totius

22 3435 121 3489 mundi
130 3440 244 3501 peccata
257 3433 379 3499 deleret,
392 3433 474 3487 etium
488 3446 551 3500 quae
571 3433 623 3487 suh
639 3432 728 3500 priori
746 3435 924 3487 uesunnnto
937 3431 1085 3485 commissa

22 3524 104 3582 sunt,
122 3524 150 3573 et
170 3522 202 3571 nt
224 3517 352 3571 omnent
368 3516 490 3584 peccatis
506 3516 587 3571 liberi
604 3521 731 3585 possent
742 3521 882 3573 eternam
896 3514 1086 3569 hereditatem

22 3603 74 3656 sibi
85 3600 251 3670 promissam
261 3601 417 3669 possidere.

56 3688 84 3755 t.
94 3688 129 3739 16
140 3691 167 3739 et
175 3686 261 3738 l'l.llt
269 3684 343 3739 hanc
353 3682 543 3738 hereditatem
550 3682 768 3750 possideremus,
777 3681 874 3738 debuit
882 3680 952 3737 mori
961 3682 1086 3737 Christus

25 3774 153 3834 testatum
168 3767 285 3821 virentis
299 3767 374 3827 enim
391 3768 466 3821 nulla
480 3766 637 3822 hareditas.

56 3853 84 3921 7.
96 3854 148 3921 18,
160 3854 211 3917 19,
223 3853 272 3917 20,
290 3855 323 3905 21
333 3891 341 3917 ,
351 3854 397 3905 22.
410 3854 468 3905 lloe
479 3850 686 3919 praefiguratum
707 3845 829 3903 ostendit
840 3846 870 3901 in
881 3847 968 3903 veteri
986 3852 1085 3905 'lesta-

25 3940 131 4001 mento,
144 3933 222 4003 quod
236 3948 301 3988 cum
319 3934 454 4002 sauguine
472 3934 523 3987 fruit
535 3932 709 3998 dedicatum

62 4020 88 4095 1.
108 4020 154 4073 15.
178 4018 248 4074 cum
272 4015 328 4073 boc
344 4014 520 4084 discrimine,
537 4014 616 4087 qudd
632 4014 705 4069 siem
722 4012 791 4070 illud
809 4018 869 4072 erat
887 4014 1028 4087 typicum,
1045 4016 1085 4073 itt
