2575 4459
318 305 490 363 antetuli
511 307 739 365 exbosiuio.
760 310 844 367 GAP.
862 310 886 366 i.
1076 312 1138 371 ‚iio

61 423 83 474 ,ς
100 402 150 455 lla
160 398 219 472 lpsl
225 400 366 472 peribunt,
380 408 411 459 tu
418 410 513 461 aciem
564 406 615 469 ipsi
626 406 684 457 coeli
694 410 920 469 quantumcunque
931 402 1137 467 donabilcs‚tau-

59 480 265 548 permanebis3
290 472 294 477 '
396 474 400 479 “
534 472 592 524 dem
614 476 734 537 peribunt
748 470 804 525 z'iu
824 480 926 538 antem,
945 474 1044 527 Christe
1056 474 1136 541 llcus,

535 544 701 596 immutabilis
710 558 843 608 permanes
850 566 857 607 ;

57 604 512 663 etcnnesutscsrinentnmse-
564 615 657 666 omnes
676 616 734 667 cccii
756 630 802 667 sno
825 620 898 667 motu
921 618 1046 669 continno
1063 620 1135 679 cnosi

59 683 219 736 terasceni.
446 725 450 732 .
534 688 734 745 consenesceni,
748 686 816 736 ,sicut
830 687 909 735 vestis
927 697 976 735 osu
988 684 1137 748 quotidiano

102 804 416 861 12.Etaelutamlcium
425 817 513 864 muta
533 752 677 870 velletnuseclsst
694 822 819 872 amictum
833 820 1016 873 circnmmlvcs
1036 832 1079 871 cos
1091 857 1098 881 ,
1111 824 1137 872 ct

57 880 114 935 bis
134 896 202 947 eos,
220 890 248 938 ei
262 886 445 943 mutabuntur
459 906 467 944 ς
482 897 511 946 ω
534 888 617 940 subltd
630 892 814 955 mutabuntur3
825 896 854 942 iu
866 896 954 942 sutem
967 891 1036 941 idom
1046 894 1072 941 ot
1084 892 1136 941 lm·

61 965 164 1015 autem
175 960 251 1015 idem
266 962 389 1029 ipsees,
534 960 663 1013 mutabilis
678 964 949 1025 es,utpotcstcrnus.

63 1042 99 1091 et
111 1037 229 1095 anolini
239 1039 445 1099 nondeflclent.
563 1048 612 1100 ilbi
622 1062 709 1114 qusso
720 1053 755 1113 tc,
768 1048 819 1102 tale
832 1050 895 1115 quid
913 1048 945 1101 ds
956 1048 1056 1115 Angelis
1074 1050 1136 1116 legi-

102 1170 150 1223 15.
159 1168 202 1223 Ad
215 1183 301 1237 quem
311 1176 406 1226 autem
417 1176 511 1243 Ange·
534 1121 693 1250 mandiquem
705 1190 782 1239 etlam
799 1200 889 1239 eorum
907 1187 1005 1239 dicium
1017 1188 1136 1251 estquod

61 1246 160 1300 lorum
174 1246 403 1317 dintaiiquando
417 1255 511 1309 :Sede
534 1262 563 1311 in
577 1260 676 1312 Psalmo
697 1265 741 1313 109
751 1298 758 1321 ,
769 1261 843 1312 Pater
865 1260 985 1311 AEicrnus
1004 1259 1067 1311 Filio
1087 1272 1135 1311 suo

61 1323 81 1376 A
99 1322 205 1377 dextris
223 1324 310 1391 meis,
327 1326 511 1398 quoadusque
533 1329 595 1380 dicit
606 1347 614 1379 c
627 1329 690 1380 sede
703 1330 735 1379 sd
754 1330 883 1379 dexteram
901 1340 1001 1390 meam,
1022 1340 1135 1379 mecum·

60 1416 172 1468 ponam
182 1402 313 1458 inimicos
322 1410 388 1459 1110„
402 1408 510 1466 mel.
533 1410 583 1461 qno
597 1409 689 1459 regna,
702 1396 782 1448 donec
793 1409 881 1450 omues
894 1398 1013 1447 inimicos
1031 1399 1088 1447 tuos
1099 1398 1135 1445 ita

60 1479 127 1533 lum
142 1477 248 1547 pedum
258 1482 394 1538 tuorum?
532 1466 580 1518 tibl
591 1466 723 1528 subjecero
737 1504 744 1528 ,
759 1469 789 1518 ut
804 1468 859 1518 sini
874 1464 948 1528 quasi
966 1464 1060 1529 pedum
1077 1467 1135 1517 iuo-

533 1549 592 1587 rum
603 1534 752 1587 scabellum.

101 1598 149 1648 1A.
160 1596 257 1652 Nonne
268 1612 367 1655 omnes
379 1609 445 1659 sunt
456 1604 510 1660 ad·
563 1604 676 1655 Tantum
694 1604 765 1655 abest
778 1606 806 1654 ut
822 1600 910 1667 Angcli
926 1602 976 1653 lieo
990 1600 1133 1664 assideant,

60 1674 261 1730 ministratorii
272 1679 402 1748 scincus,
416 1683 511 1739 inmi-
532 1671 648 1735 quinimo
666 1685 769 1733 omnes,
784 1674 949 1734 quantumvis
968 1672 1068 1735 magni,
1087 1671 1135 1719 ml·

60 1752 213 1808 nisterium
224 1756 303 1810 mimi
317 1766 507 1828 promel-003,
532 1745 637 1795 nisterlo
668 1745 731 1793 suni
761 1741 897 1803 destinati,
922 1741 1027 1805 illosque
1047 1740 1135 1793 revera

58 1831 326 1965 gosnam
339 1838 510 1907 „tm
531 1812 657 1941 ῶῶῶ
672 1808 1134 1942 ῶῶῶῶῶῶῶῶῶ

532 1952 594 2000 sunt
603 1946 716 1999 heredes
726 1946 815 1998 salutis
825 1982 834 2009 ,
846 1948 996 2011 eternaque
1008 1946 1102 2009 gioria.

96 2085 138 2133 ii.
147 2082 199 2146 lpas·
206 2082 343 2147 peribant,
351 2089 379 2136 itt
387 2090 472 2136 cutem
477 2086 648 2149 permanebis.
659 2086 703 2138 Gr.
714 2097 866 2150 permanes,
878 2084 969 2145 idest,
981 2084 1038 2134 celi
1049 2098 1132 2147 qusn-

59 2156 226 2214 tumcunque
247 2151 392 2215 durabiles,
410 2155 516 2207 tandem
535 2156 672 2220 peribant,
690 2155 718 2207 id
731 2159 785 2217 est,
802 2156 831 2208 iu
843 2154 896 2205 line
909 2152 1001 2206 mundi
1018 2158 1132 2207 mutatur

59 2222 155 2274 saltem
165 2220 290 2285 quantum
301 2222 333 2272 ad
343 2222 486 2286 susumus.

100 2298 143 2357 Τις
151 2301 251 2356 coest,
264 2296 280 2347 b
289 2296 388 2348 cunm
399 2298 483 2350 lleosi
498 2298 665 2351 lmmatabills
676 2310 712 2352 es.

94 2375 130 2423 Et
139 2384 221 2423 omnes
230 2377 261 2423 oi
273 2374 475 2425 vestimentem...
484 2374 512 2424 ld
522 2378 576 2437 est,
588 2387 677 2425 omncs
689 2372 747 2427 cccli
758 2387 804 2426 suo
820 2376 893 2425 motu
906 2375 1046 2439 continuo,
1059 2376 1131 2438 quusi

59 2445 263 2503 consenescent,
278 2443 346 2494 sicui
355 2444 432 2495 restis
443 2456 492 2495 usu
502 2444 650 2507 quotidiano
663 2446 798 2497 veterascit
809 2482 817 2507 ,
828 2446 866 2497 iic
884 2448 914 2497 nt
933 2446 960 2497 in
973 2444 1024 2497 iius
1039 2444 1131 2497 mundi

59 2515 117 2564 sint
128 2511 277 2565 renotandl.

95 2598 137 2646 12.
150 2596 183 2645 Et
192 2595 260 2646 celat
276 2596 399 2648 amidam
410 2595 533 2648 mutabis.
546 2596 591 2647 Gr.
603 2596 775 2661 complicatis.

98 2671 139 2720 Τιι
153 2674 238 2720 caleat
247 2668 314 2720 s'dent
326 2671 381 2733 ipss
394 2684 434 2729 cs,
448 2670 474 2720 ld
488 2674 540 2730 est,
559 2671 743 2733 immutabilis,
756 2674 874 2723 eternus.
934 2706 938 2713 ·

92 2741 153 2792 llaec
166 2742 251 2790 omnia
266 2752 397 2792 summam
411 2740 506 2792 christi
520 2738 564 2791 bel
575 2745 717 2805 potentiam
732 2745 854 2793 innuunt.

95 2807 196 2860 Coelum
211 2812 237 2859 oi
252 2812 349 2860 tenum
363 2812 469 2861 creavit.

96 2877 179 2931 Goelos
190 2881 220 2929 ut
231 2878 340 2930 linteum
350 2916 357 2939 ,
369 2892 414 2931 seu
428 2879 534 2945 pallium
546 2880 723 2945 complicabit,
738 2880 766 2931 id
780 2883 836 2942 est,
852 2884 906 2932 iam
926 2878 997 2930 noui
1007 2880 1131 2933 transier-

56 2951 164 3011 mabit,
181 2960 227 3001 sou
245 2949 392 3012 renovabit,
411 2961 444 3000 ac
460 2949 539 3002 bomo
557 2948 668 2999 linteum
683 2948 835 3012 complicat,
855 2947 963 3010 pallium
983 2949 1085 3012 deponit
1099 2964 1130 3003 ao

56 3023 157 3070 mutat.

93 3086 164 3140 Nihil
179 3091 266 3139 antem
281 3087 332 3140 tale
348 3087 441 3151 legitur
456 3088 488 3139 do
501 3085 655 3150 Angelorum
672 3087 795 3149 potentia.

97 3167 137 3213 13.
149 3164 189 3214 Ad
203 3177 276 3228 ortem
289 3168 375 3215 cotem
385 3162 540 3227 Ausciorum
553 3164 667 3213 dicitl...

93 3232 134 3283 Ex
143 3233 235 3285 throno
246 3234 354 3297 donique
364 3234 454 3298 probat
464 3233 560 3283 Christi
573 3244 650 3296 super
661 3230 767 3295 Angelos
777 3230 974 3295 precellentium
985 3234 1048 3295 ;t1ul
1060 3233 1130 3283 enlm

63 3302 119 3353 itec
132 3305 262 3366 proximus
274 3302 383 3366 assidet,
394 3316 470 3368 super
481 3315 569 3352 omnes
583 3305 629 3352 est.

92 3378 134 3427 Ad
144 3392 218 3439 qoem
228 3377 381 3442 Ausciorum
393 3378 458 3431 dicii
467 3378 540 3429 Pater
552 3380 662 3428 eternus
674 3390 682 3429 t
700 3369 762 3427 Sede
777 3374 794 3427 d
814 3376 907 3427 cestris
921 3376 1004 3427 mels?
1007 3408 1057 3428 .....
1068 3376 1130 3429 vids

60 3447 249 3512 paraphrasim.

95 3532 135 3578 ii.
147 3530 233 3583 lloatne
241 3537 300 3581 scat
310 3545 394 3582 omncs
403 3530 657 3582 administratorii....

93 3599 171 3661 Quasi
187 3598 282 3650 diceret
297 3619 305 3649 s
323 3600 434 3651 'lantum
444 3600 516 3651 abest
528 3606 558 3649 ut
570 3598 659 3660 Angell
678 3596 805 3649 assideant
824 3596 891 3657 beo,
908 3594 1023 3659 quinimo
1041 3610 1132 3649 omncs

62 3670 118 3729 iiii,
135 3668 197 3718 licei
214 3668 378 3721 nobilissima
393 3669 540 3721 substantie
561 3673 622 3719 suni
638 3669 750 3718 ministri
770 3667 829 3728 Del,
849 3678 912 3730 quos
926 3678 991 3729 sepo
1006 3668 1086 3717 mlitlt
1103 3668 1131 3718 in

60 3744 144 3788 terras
161 3737 194 3786 ad
213 3736 348 3789 bominum
366 3738 474 3789 salntem
493 3736 647 3798 curandam,
663 3736 774 3787 maxime
795 3734 857 3805 verb
875 3748 965 3787 eorum
984 3738 1029 3799 qul
1049 3738 1130 3789 iiiam

61 3812 188 3858 aternam
197 3806 371 3859 hereditatum
386 3812 456 3860 suni.

92 3879 159 3930 lllnc
170 3882 339 3930 communitor
351 3880 473 3943 colligunt
485 3878 599 3929 doctores
609 3876 717 3941 Angelos
728 3888 817 3928 omncs
826 3874 963 3941 aliquando
973 3876 1051 3928 mliii.

92 3949 130 4001 lto
139 3958 192 4011 quo
205 3951 292 3999 tamon
306 3950 424 4003 dubitant
442 3949 471 4000 lt.
485 3948 621 4012 Dionysius
633 3950 659 3997 ot
670 3948 700 3998 Ι).
715 3947 857 4009 Gregorius.

94 4018 129 4070 lli
147 4018 222 4080 cuius
241 4021 399 4073 contrarium
413 4017 542 4073 assetltli.
553 4016 663 4070 Thomas
674 4018 719 4082 qui
731 4016 786 4069 tuli
797 4016 863 4069 solos
876 4013 1129 4081 quinquemioriorcs
1169 4053 1177 4069 .
1267 4064 1268 4073 ,
