2575 4459
167 290 237 352 oii.
449 285 669 347 BHSTObAE
686 284 736 341 io
752 281 942 339 nubamus

166 391 237 440 cotos
244 387 291 438 aut
297 369 506 446 muciillcar‘rdos',
516 379 652 434 sanctitate
659 380 790 441 etiustitit
798 377 992 430 consummarit.
1002 374 1072 426 Vlrle
1081 387 1112 424 n.
1120 371 1157 430 rt.
1163 369 1220 430 bujo

168 467 197 510 tt
217 459 268 506 itis.

198 471 262 574 fitne
276 535 309 574 ne
324 537 384 574 cum
395 521 521 574 baretlcls
535 519 649 570 internos
664 516 730 580 argo
738 516 829 567 inutile
841 515 1117 568 murmurmurmur:
1129 510 1224 568 bomin

170 607 264 658 quam,
277 606 309 643 nc
323 592 430 654 inieras,

197 663 261 724 Quia
272 663 386 713 cbristus
403 673 449 724 per
462 663 595 711 cruentum
615 660 655 708 sui
669 658 779 720 corporis
794 655 998 706 immolationem
1013 657 1052 704 ita
1065 651 1143 703 noble
1155 662 1225 714 pecco
1259 672 1265 711 r

165 737 252 786 torum
264 734 439 783 remissionem
450 736 475 781 et
488 731 532 780 liei
544 731 652 792 gratiam
665 729 771 785 meruit,
783 731 813 776 ut
823 739 867 789 per
879 728 1049 776 incruentam
1061 723 1177 785 ejusden
1190 733 1228 768 cur
1260 718 1266 761 !

166 803 235 867 porto
251 800 507 862 immolationem,ct
524 798 619 849 realem
638 796 877 857 manducationem,
893 794 950 846 boo
968 797 1049 846 nobis
1074 791 1228 857 applicuit
1260 798 1265 821 ¹

167 871 275 922 conferri
287 870 406 920 voluerit.
418 869 479 918 Vide
490 868 557 918 dicta
572 881 598 920 ιι.
612 871 643 928 3,
655 870 681 917 et
693 869 722 917 ιι.Ι
734 869 771 917 it.
1271 864 1273 879 ²

197 939 243 990 ilic
254 939 336 996 addc,
350 937 421 1000 quoti
429 939 496 988 sicut
507 938 534 986 ln
543 937 615 986 omni
624 934 947 996 morlicio,boloeamtarn
955 935 1080 998 excipio,
1093 933 1153 984 cina
1165 933 1230 994 parto

166 1013 255 1068 orout,
271 1007 369 1062 scilicet
389 1005 529 1056 immolatio
542 1007 671 1066 riotinae,
687 1009 713 1054 ot
727 1007 947 1066 communio,rou
965 1005 1158 1068 participatio,
1170 1011 1231 1062 qnam

166 1077 276 1128 offerens
288 1081 315 1126 et
326 1079 348 1126 ie
358 1089 405 1139 pro
416 1087 468 1138 quo
478 1075 630 1125 offerebatur
639 1073 768 1124 habebant
778 1087 839 1124 cum
848 1075 972 1132 stetim

197 1146 239 1197 sic
251 1151 276 1197 et
291 1149 318 1196 in
329 1145 422 1196 Christi
434 1144 572 1206 sacrificio,
584 1143 740 1194 saerilmium
750 1145 836 1194 crucio
848 1147 886 1195 cat
899 1142 1050 1194 immolatio
1062 1141 1162 1195 Christi
1173 1159 1180 1198 i
1191 1137 1231 1185 5¹¹·

167 1215 285 1270 charistia
296 1221 335 1268 oct
346 1218 420 1266 trtius
438 1213 736 1274 sacrifieiiocmmunio,
746 1214 905 1280 participatio
917 1231 924 1262 t
936 1225 983 1274 per
1002 1225 1068 1263 eam
1086 1213 1160 1262 enirn
1174 1221 1231 1256 run·

166 1287 313 1336 mucimtur
324 1287 436 1336 rieumm
453 1285 536 1335 crucio
547 1294 629 1344 nocue
642 1281 676 1332 ati
686 1283 933 1333 consummationem
942 1281 1037 1332 seculi.

196 1357 267 1410 idem
284 1359 370 1418 lucos
387 1355 557 1413 sacrificium,
571 1353 660 1404 eadem
680 1354 785 1403 victima
802 1351 903 1402 dnobus
922 1351 1006 1404 modis
1027 1351 1141 1411 oblata,
1158 1346 1230 1408 moui

166 1423 281 1476 Christus
293 1425 392 1489 perfluit
402 1427 430 1475 lu
442 1436 494 1476 uuo
507 1423 575 1484 cuod
588 1421 719 1477 inchoarit
727 1421 856 1476 maliem.

197 1493 226 1544 ln
240 1507 315 1546 cruce
331 1493 446 1546 Christus
457 1491 564 1548 salutem
576 1495 690 1542 nocuum
700 1489 924 1551 inchoavit,nobis
936 1501 982 1553 per
992 1491 1155 1550 sangninem
1169 1496 1230 1535 suun

165 1565 260 1614 meruit
275 1565 384 1624 gratiam
400 1567 426 1612 et
445 1561 586 1626 iustitiam
601 1561 628 1610 in
642 1558 717 1610 altari
729 1560 845 1610 Christus
862 1559 971 1609 salutem
989 1562 1112 1609 nostram
1130 1556 1231 1622 perlicit.

166 1633 272 1694 gratiam
286 1633 311 1680 et
320 1631 445 1691 justitiam
462 1629 535 1680 nobis
546 1643 591 1694 per
600 1629 787 1680 Eucharistiam
799 1627 906 1679 confert.

120 1757 123 1762 ¹
194 1699 225 1820 ln
235 1699 313 1820 altaurl
326 1701 401 1764 igitur
412 1706 437 1750 ot
446 1701 474 1752 tu
483 1711 559 1750 cruce
573 1711 627 1752 non
638 1699 713 1752 aliter
722 1697 838 1750 Christus
850 1697 976 1751 thrlsto
991 1697 1157 1762 separandus
1166 1694 1230 1758 qnln

165 1779 194 1820 io
218 1769 272 1818 ira
310 1781 332 1822 o.

197 1838 241 1892 Sol
253 1840 342 1897 omnia
357 1841 477 1906 operator
494 1839 525 1892 in
538 1839 630 1900 terrio,
645 1842 673 1890 at
686 1851 732 1904 per
752 1837 850 1902 ratitum
867 1837 1046 1898 linebarlstia,
1058 1840 1139 1902 quasi
1156 1835 1229 1888 radim

166 1911 260 1962 trucis.

195 1993 370 2056 oratioe-in
379 1993 433 2058 logo
444 1997 553 2058 mucor
564 1997 637 2048 orant
647 1992 832 2046 mertbclorum
842 2004 948 2057 mera,
957 1993 1052 2044 inmo
1069 1994 1096 2041 et
1106 1993 1228 2043 o‘notau:

166 2063 276 2127 oblatio,
287 2065 481 2128 holocaustum,
494 2078 540 2129 pro
551 2069 654 2130 peccato
662 2101 671 2127 ,
679 2064 853 2128 pocilloorruu.

196 2132 240 2186 Vel
253 2135 341 2198 enim,
353 2137 383 2186 ut
400 2136 437 2184 ait
453 2133 528 2186 divus
541 2135 665 2195 Thomas,
684 2131 840 2184 sacrificium
859 2134 915 2182 erui
928 2129 960 2181 (lo
978 2130 1150 2195 inanimatio,
1160 2140 1228 2194 punt.

163 2202 257 2264 thure,
269 2208 329 2264 etc,
339 2209 365 2254 et
376 2204 506 2263 dicebatur
518 2204 611 2256 oblatio
620 2224 629 2267 ς
638 2203 680 2255 rel
692 2202 724 2253 tie
736 2205 859 2253 animatio
867 2239 876 2262 ,
885 2201 962 2262 itque
977 2199 1019 2250 rel
1033 2201 1068 2250 od
1083 2201 1230 2264 placandum

163 2270 261 2331 mom.
273 2277 300 2324 et
310 2272 404 2326 dtcitur
416 2273 609 2336 holocaustum,
621 2273 690 2338 quod
702 2276 758 2340 erat
767 2273 943 2336 dignissimum
955 2308 963 2332 ,
973 2273 1034 2333 quia
1044 2277 1134 2330 totum
1144 2281 1229 2322 cremo

164 2339 240 2390 batur
252 2340 488 2402 inhonorentur,
501 2342 542 2393 rel
554 2357 601 2404 pro
613 2342 755 2406 expiatione
765 2343 861 2408 peccati
868 2378 876 2399 ,
883 2344 909 2390 et
920 2341 1012 2392 dicitur
1023 2341 1183 2398 sacrificium
1192 2349 1228 2399 pro

162 2411 266 2472 peccato
282 2427 289 2457 c
304 2407 381 2469 holus
395 2413 481 2461 autom
491 2411 610 2460 sacrificii
624 2423 748 2475 unapars
766 2409 977 2470 comburebatur,
988 2407 1068 2458 altera
1089 2409 1194 2459 cedebat
1207 2410 1230 2454 in

163 2488 241 2532 naum
254 2474 431 2533 ministrorum
438 2496 447 2539 t
458 2477 560 2532 veterat
571 2490 616 2539 pro
628 2479 758 2532 beneficiis
771 2479 815 2528 liei
827 2480 868 2539 ,et
877 2477 941 2526 iliud
951 2478 1005 2529 erat
1015 2477 1103 2528 mimis
1114 2478 1227 2539 dignum.

162 2547 223 2608 quia
236 2547 310 2595 teriia
321 2544 423 2596 tontum
436 2559 494 2610 pars
512 2547 725 2608 comburebatur,
738 2551 764 2596 et
776 2549 902 2597 ministris
911 2545 1018 2596 dabatur
1030 2559 1082 2597 uua
1091 2581 1101 2607 ‚
1110 2546 1165 2598 alla
1178 2547 1229 2595 olit-

162 2614 293 2676 rentibus,
307 2619 333 2666 et
343 2615 413 2668 istud
424 2616 683 2670 dicitur-coctiliciam
696 2616 869 2680 poeticorum.
1102 2611 1105 2616 ’

192 2685 291 2748 ligure
302 2691 375 2738 eruut
392 2691 501 2750 quatuor
514 2687 674 2754 diversorum
684 2687 813 2750 religionis
824 2687 979 2739 officiorumr
991 2687 1152 2739 adorationis
1162 2727 1171 2751 ,
1182 2700 1229 2752 gra·

161 2757 258 2807 tiorum
274 2759 398 2818 actionis,
419 2759 583 2822 expiationis,
598 2757 744 2822 pmbunia,
759 2767 816 2823 quae
833 2759 921 2813 omnio
932 2771 1003 2811 nune
1022 2771 1174 2810 exercemus
1192 2770 1230 2821 per

162 2839 247 2879 uuum
257 2825 351 2879 Christi
364 2825 527 2876 sucrificium.
805 2869 808 2874 .

192 2895 259 2946 ilinc
275 2908 406 2960 perperam
425 2895 539 2946 haretici
557 2905 588 2944 ex
600 2892 728 2959 trequentl
748 2895 911 2949 eucharistici
926 2893 1044 2950 sacrificii
1063 2898 1229 2961 repetitione,

162 2965 232 3022 illiue
243 2964 356 3016 inierunt
364 2965 543 3016 inefficaciam.

192 3033 403 3087 blimcisstmum
421 3038 459 3084 est
481 3036 551 3084 enim
567 3032 723 3087 morracium
742 3033 822 3096 iliud,
834 3048 881 3099 per
898 3034 967 3098 quod
982 3047 1087 3086 omnem
1104 3034 1229 3099 religionis

161 3109 247 3158 actum
259 3106 417 3164 exercemus,
430 3105 598 3171 omnibusque
611 3104 803 3157 nostrlodebitia
815 3117 876 3168 erge
884 3106 965 3156 Deum
981 3105 1163 3158 satisfacimus.

191 3173 352 3226 molucam
362 3175 455 3236 quippo
465 3174 562 3236 biiosae,
573 3187 627 3226 uon
638 3175 741 3229 tuntbm
754 3180 792 3225 est
801 3177 982 3238 captatorium,
994 3188 1039 3230 seu
1053 3188 1100 3238 pro
1111 3182 1226 3241 peccato,

138 3276 140 3282 r
160 3243 205 3299 rori
219 3249 244 3294 et
261 3242 438 3296 holocaustum
455 3247 493 3292 eet
508 3246 536 3294 in
551 3243 677 3296 bonorem
689 3244 751 3303 Ilei.
763 3248 789 3296 et
805 3245 1021 3304 eucharisticum,
1035 3250 1062 3296 et
1076 3248 1227 3299 sacrificium

159 3311 325 3380 pacificorum
334 3347 341 3373 ,
351 3323 395 3362 seu
409 3323 455 3374 pro
466 3309 597 3360 beneiieiio
610 3311 665 3362 Del.
1090 3367 1093 3371 ‚

190 3381 255 3433 iliud
269 3382 345 3442 igitur
358 3379 489 3429 otierimua
500 3379 592 3440 jugiter
601 3383 651 3448 ,ut
663 3384 767 3447 peccata
780 3381 884 3445 quidem
901 3384 1031 3446 expiemm
1044 3395 1101 3446 qua
1117 3383 1151 3436 de
1165 3398 1226 3436 nom

159 3456 254 3520 jugiter
269 3454 469 3504 committimus:
626 3507 627 3510 Ἴ

190 3523 222 3573 rit
234 3527 353 3586 praterea
362 3523 454 3583 jugiter
465 3519 529 3569 iilud
540 3517 671 3571 offerimus
681 3560 688 3583 ,
700 3526 729 3579 ut
740 3524 790 3574 beo
801 3525 894 3586 gratim
909 3536 956 3586 pro
967 3523 1098 3576 beneflciis
1108 3513 1224 3590 agamus,

161 3595 191 3642 ut
206 3591 239 3640 ab
257 3603 287 3641 ec
306 3603 372 3642 nova
390 3587 513 3643 beneflcio
526 3590 705 3657 impetremus,
719 3596 749 3643 ut
762 3592 837 3643 ilium
855 3590 975 3647 contiuuo
993 3598 1019 3646 et
1033 3594 1137 3649 iniinltt
1148 3597 1225 3647 bono

159 3672 256 3712 remus.

131 3783 139 3797 ⁸
159 3729 470 3856 religoonrlgegcenfgoemm
484 3731 528 3792 ,est
542 3725 672 3796 religionis
684 3732 852 3795 sacrificium,
867 3743 914 3799 per
923 3730 991 3795 quot
1001 3736 1224 3789 omoiocxercetur
1271 3776 1273 3789 .

173 3861 252 3908 troc
271 3864 299 3909 in
316 3863 367 3911 tine
388 3865 477 3924 capitis
492 3867 555 3917 noni
574 3865 682 3919 mocon
693 3867 742 3925 boa
757 3870 831 3921 octus
844 3869 976 3928 uocandi
993 3871 1022 3924 in
1039 3871 1145 3931 monuo
1168 3891 1221 3929 cun

160 3926 277 4024 ss‘ipiiaio,
288 3939 332 3994 por
346 3929 485 3985 Christum.
1147 3914 1159 3942 ’
