2575 4459
184 308 203 363 2
610 305 825 362 erasme.

223 406 258 465 ln
271 400 383 483 prioris
395 399 540 481 Epistolae
554 415 623 483 cap.
637 403 700 465 let
712 404 743 481 5,
758 400 798 465 de
807 398 1037 469 resurrectione
1052 398 1251 462 mortuorum

183 508 218 571 ct
229 504 269 569 de
280 505 419 586 glorioso
432 505 547 571 Christi
559 505 699 571 adventu
715 509 844 589 egerat,
857 506 898 571 ad
914 502 1251 579 Thessalonicensium

137 635 141 643 ·
182 610 216 677 in
229 628 361 676 suorum
375 598 485 691 obitu,
500 610 761 677 consolationem.
1058 671 1064 682 ,

222 717 284 781 Sed
296 717 368 798 qiua
385 717 426 781 de
444 720 579 798 utroque
597 716 644 781 sic
656 718 782 781 locutus
798 717 917 794 luerat,
931 713 1021 795 quasi
1032 708 1121 775 breui
1132 712 1250 790 futur03

182 822 225 891 dc
238 824 468 914 resurrectione
485 821 570 889 enim
583 830 697 905 ageris,
707 839 777 905 cap.
792 823 829 897 4,
844 824 877 894 i.
897 822 955 899 15,
969 818 1094 883 dixerat
1106 816 1140 881 in
1153 818 1250 898 primi

181 932 317 1011 persom
336 934 421 995 :Nos
437 930 493 1011 qui
507 927 651 1003 vivimus,
663 935 717 992 etc.
727 928 816 1009 qurasi
826 944 886 992 suo
898 927 1042 1008 tempore
1054 927 1161 988 lutura
1172 927 1251 987 loret

181 1036 371 1101 resurrectio
388 1060 396 1099 :
411 1035 451 1099 de
473 1036 525 1099 die
543 1038 652 1099 autem
672 1033 838 1099 adventds'
849 1031 964 1097 Christi
980 1030 1022 1094 ad
1035 1030 1192 1110 iudicium
1205 1032 1250 1093 lo

180 1156 300 1220 quens,
314 1140 416 1222 capite
428 1140 559 1222 quinto,
576 1144 608 1212 i.
623 1144 644 1204 b
662 1142 696 1204 et
711 1143 747 1220 4,
762 1143 823 1205 etc.
838 1134 1134 1203 Thessalonicenses
1147 1136 1250 1200 horta·

180 1248 236 1309 tus
261 1248 331 1309 erat
351 1243 392 1308 ad
417 1244 629 1325 vigilandum,
650 1261 692 1310 ne
712 1244 882 1326 imparatos
905 1244 975 1308 illos
1004 1242 1072 1307 dies
1090 1241 1159 1322 illa,
1180 1244 1249 1305 tan·

180 1368 278 1431 quarn
291 1353 356 1432 lur,
367 1350 624 1433 comprehendat.

220 1456 298 1521 llinc
317 1456 434 1519 turbati
447 1456 742 1521 Thessalonicenses
764 1456 916 1536 putabant
929 1457 963 1517 et
977 1452 1179 1517 mortuorum
1199 1470 1249 1517 re-

181 1561 408 1626 surrectionem
423 1564 457 1625 et
474 1560 559 1625 diem
573 1562 683 1641 iudicii
701 1562 821 1626 instare
838 1582 847 1624 a
863 1560 1006 1642 ipsorum
1016 1562 1175 1623 terrorem
1194 1577 1249 1622 au-

180 1667 298 1748 gebant
318 1665 506 1732 fraudulenti
528 1665 656 1748 qaudam
680 1666 847 1748 doctores,
867 1670 937 1730 tum
956 1664 1040 1729 lictis
1061 1664 1249 1745 quibusdam

179 1772 444 1853 revelationibus,
457 1776 527 1836 tum
540 1772 712 1855 mppositis
723 1772 868 1853 eiusdem
885 1768 972 1835 Pauli
983 1770 1106 1835 litteris.

220 1878 260 1941 Ut
283 1878 368 1941 hunc
389 1896 466 1961 ergo
490 1877 815 1944 Thessalonicensium
832 1881 955 1942 metum
978 1876 1096 1942 adimat
1114 1879 1245 1957 Paulus,

50 1978 53 1985 '
178 1982 433 2067 impostoresque
449 1984 636 2065 redarguat,
659 1982 752 2047 docet
769 1982 803 2047 in
824 1983 964 2048 secundo
988 1984 1085 2063 hujus
1100 1983 1247 2064 Epistulae

180 2088 300 2170 capite,
315 2089 457 2155 nondum
474 2088 592 2155 instare
612 2087 697 2153 diem
717 2085 847 2169 iudicii,
861 2089 952 2168 cuius
964 2088 1028 2152 duo
1043 2088 1097 2151 dat
1109 2089 1247 2152 authen-

178 2194 242 2259 tica
255 2195 346 2277 signa
362 2196 440 2259 illud
455 2194 665 2279 precedentis
681 2217 689 2257 :
703 2193 875 2275 apostasim
888 2192 908 2259 d
919 2192 1003 2275 ride,
1019 2196 1053 2258 et
1074 2182 1246 2260 adveutum

179 2298 362 2363 Antichristi
374 2314 470 2379 quem
486 2296 538 2365 hic
551 2297 698 2381 graphica
714 2299 873 2380 describit.

218 2407 254 2467 ln
267 2402 363 2485 priori
376 2402 511 2486 deniquo
523 2404 676 2487 Epistold,
692 2422 760 2489 cap.
776 2409 815 2486 5,
826 2409 858 2479 i.
877 2406 931 2484 14,
945 2404 1066 2470 otiosos
1089 2405 1243 2487 quosdam

180 2511 215 2575 et
226 2507 383 2591 inquietos
395 2510 510 2595 corrigi
527 2511 669 2576 uoluerat
685 2514 737 2576 :et
749 2510 822 2593 qrria
833 2511 975 2575 nondum
987 2512 1173 2576 emendatos
1186 2529 1243 2575 no

178 2616 286 2694 verat,
300 2613 334 2677 in
347 2615 407 2679 hac
421 2616 579 2699 secunda,
594 2633 663 2699 cap.
674 2620 710 2697 3,
724 2619 756 2690 i.
775 2620 807 2698 6,
821 2616 892 2681 illos
906 2616 1007 2683 acrius
1020 2618 1174 2699 castigat,
1190 2621 1241 2698 et,

176 2718 239 2787 nisi
250 2718 456 2803 resipiscant,
471 2722 792 2787 excommunicandos
805 2722 979 2787 denuntiat.

223 2825 361 2891 Tandem
374 2827 428 2891 dat
441 2826 567 2908 signum
586 2828 936 2909 Thessalonicensibus,
950 2846 1013 2910 quo
1029 2845 1102 2893 suas
1116 2828 1241 2911 Episto-

174 2930 222 3002 lss
239 2929 463 3015 distinguenti
476 2932 682 3015 supposititiis
695 2949 773 3015 quas
786 2935 987 3015 proferebant
998 2934 1201 3017 impostores.
1279 2937 1280 2982 Ψ

214 3036 291 3105 Vere
309 3056 386 3121 orgo
403 3042 473 3103 toto
487 3036 642 3105 aberrdvit
655 3040 737 3104 coelo
749 3039 769 3079 *
786 3040 969 3105 Neotericus
981 3038 1034 3105 illc
1046 3040 1118 3122 qui,
1130 3043 1240 3105 contra

175 3157 377 3207 communem
389 3142 531 3207 omnium
550 3149 732 3210 sanctorum
744 3146 873 3210 Petrum
895 3147 929 3225 et
949 3148 1118 3216 Doctorum
1133 3148 1239 3210 Eccle-

173 3249 229 3314 siae
249 3262 397 3327 sensum,
419 3249 552 3314 asseruit
567 3251 650 3315 hanc
665 3250 836 3333 Epistulam
852 3268 924 3317 esse
946 3252 1088 3315 omnium
1100 3254 1239 3317 Paulina

171 3368 246 3419 rum
265 3353 413 3435 primam,
426 3356 486 3419 sub
509 3353 648 3437 caligula
669 3356 840 3438 scriptam,
855 3355 896 3421 de
913 3374 977 3439 quo
995 3356 1131 3439 caligula
1145 3361 1178 3420 ct
1199 3357 1238 3420 dc

172 3459 299 3523 Simone
313 3462 404 3543 llago
421 3463 489 3527 vult
508 3461 639 3544 intelligi
659 3479 731 3547 qim
751 3463 842 3530 divus
855 3464 969 3527 Paulus
988 3462 1029 3527 de
1045 3462 1237 3530 Antichristo

172 3564 253 3629 dixit
265 3564 411 3647 incapite
426 3568 576 3635 secundo.

210 3673 309 3751 liujus
334 3673 488 3753 opinionis
507 3674 642 3754 falsitas,
667 3673 773 3755 quoad
794 3675 927 3757 primam
949 3674 998 3739 sul
1015 3677 1152 3755 partem,
1177 3690 1235 3739 seu

89 3812 93 3819 ·
170 3768 258 3859 qudd
269 3776 338 3844 hec
350 3776 488 3861 Epistola
499 3791 565 3845 non
582 3776 624 3843 sit
646 3778 789 3848 omnium
805 3781 1002 3846 paulinorum
1014 3780 1131 3865 prima,
1145 3784 1232 3864 patet

201 4034 216 4064 ⁶
226 4036 341 4095 orchus,
355 4034 386 4085 os
398 4042 450 4095 uuo
461 4034 576 4087 usserius
585 4034 663 4087 otiam
672 4033 820 4101 herctlcm
830 4034 907 4089 dlxlta
920 4034 983 4090 Toto
993 4035 1057 4090 colo
1065 4036 1200 4106 mmo.
