2575 4459
187 244 249 301 rto
443 239 964 323 ,nnrsrotntnnennnos
1013 298 1025 305 ,

188 343 283 411 typico
303 352 437 411 pecorum
454 342 608 410 tanprine,
626 354 678 395 reu
693 340 796 394 Christi
814 341 964 409 Sanguinis
981 337 1188 411 proeiignran‘ro
1202 339 1237 401 nit

188 426 326 507 sancitam
332 442 341 493 ;
357 439 462 482 norum
479 424 563 492 vero,
576 424 644 494 quia
660 437 775 491 rerum,
787 438 854 480 rero
872 424 973 479 Christi
991 426 1141 495 Sanguine
1157 428 1237 481 confir·

187 517 303 566 matum.

224 596 329 664 typica
340 610 407 664 erpo
422 595 516 665 typico
528 595 664 665 sangnine
677 594 841 653 mundanda
850 594 964 652 inerunt
977 613 986 651 ε
998 596 1160 665 spiritualia
1174 597 1236 659 reri,

185 680 309 736 ooeleotta
320 687 348 736 et
359 680 471 747 divina,
483 694 566 747 vero,
577 680 684 737 coelesti
695 687 724 737 et
735 680 829 736 divino
841 681 942 737 Christi
957 682 1110 751 Sanguine
1120 682 1237 736 mundata

221 765 250 832 i.
265 767 302 819 et
319 769 348 820 et
364 762 547 831 sequentihus
561 763 681 831 expiioat
700 778 764 831 quen
775 764 833 819 sint
843 764 945 819 saneta
954 771 1147 833 mewmm,
1157 766 1184 817 in
1195 776 1239 831 qne

187 847 315 903 Christus
328 846 453 915 pontifex
470 852 567 901 noster
577 846 716 913 introivit,
727 848 832 902 aoilioet
845 849 947 902 eoelum
957 839 1069 916 ipsam.

222 931 265 985 ad
280 930 369 999 quid?
378 936 410 983 ut
421 930 556 983 continue
569 934 647 997 gerat
663 943 715 997 pro
735 930 816 984 nobis
830 930 951 984 officium
963 932 1134 999 pontificis,
1146 946 1199 985 non
1211 931 1240 983 ni

186 1014 316 1070 aaeriitoii
328 1013 520 1081 reiteratione,
540 1014 593 1069 sed
611 1013 747 1069 continui
763 1013 863 1069 hostiae
881 1016 967 1070 semei
979 1016 1091 1071 oblatae
1108 1029 1241 1085 repraesen·

185 1100 302 1155 tatione.
876 1147 879 1153 ,
944 1150 948 1155 ,

220 1184 347 1240 Christus
357 1182 432 1239 enim
443 1181 567 1253 pontifex
579 1186 677 1238 noster
686 1183 715 1237 in
728 1182 875 1253 sanguine,
885 1189 945 1238 non
956 1182 1064 1252 alieno,
1076 1184 1239 1254 sedproprio,

185 1268 274 1323 litavit
285 1269 386 1334 remei,
397 1268 426 1321 in
437 1266 492 1321 fine
502 1272 677 1333 temporum,
691 1266 728 1320 ad
740 1266 920 1321 abolitionem
927 1269 1058 1336 peenati3
1073 1270 1129 1324 sed
1138 1270 1240 1324 eamden

185 1353 329 1409 stainam
340 1364 436 1408 eoram
446 1354 505 1405 Deo
518 1350 589 1404 sistit
600 1350 630 1403 in
642 1354 790 1404 aeternum.

221 1437 331 1491 Rursus
349 1434 480 1503 equidem
500 1431 666 1501 apparebit,
681 1446 741 1489 non
755 1438 787 1487 ut
802 1432 910 1504 hostia,
925 1434 977 1491 sed
991 1441 1027 1491 ut
1036 1435 1162 1507 iustitia,
1172 1436 1240 1491 bonta

186 1519 354 1591 premitus.
365 1518 509 1584 improbos
525 1518 673 1575 &nnana
