2575 4459
304 253 476 330 rnrrnnx
493 270 717 336 sirosirro.
736 279 826 338 cre,
841 283 874 340 r.
1064 287 1119 346 act

24 363 240 431 pectaculum
256 364 321 422 iacti
338 385 346 422 r
362 370 391 423 in
409 372 495 427 aliero
519 372 656 427 terentium
667 379 803 444 participes
812 378 1018 444 perebarltatcm
1025 382 1117 437 οιιοιιι.

23 451 131 498 ‚utem
143 483 153 510 ‚
167 446 244 516 socii
264 445 356 504 taliter
375 461 495 505 conver-

27 523 166 576 antium
179 522 283 580 effecti.

54 604 113 655 54.
123 603 204 656 Nam
211 611 238 660 0¹
246 604 347 660 *5¹¹⁰*ss
354 607 494 674 compassi
512 627 515 635 ·
547 606 611 664 Nem
622 613 688 664 cilis
701 613 746 680 qni
758 627 806 681 pro
817 614 918 670 cnunc
935 619 1117 683 nocuerant,

22 680 122 747 ῖὸῑῑθ,
148 687 183 736 et
203 683 332 751 rapinem
353 685 493 740 bonorum
517 683 641 742 compassi
652 685 878 747 esdsreorumque
889 684 974 736 dolore
984 686 1116 748 doluistis,

21 763 206 814 nestrorum
227 775 293 816 cum
310 761 413 830 modio
428 777 494 818 sus,
517 750 542 796 et
553 747 721 813 direptionem
735 751 887 804 facultatum
902 758 1045 806 resumam
1063 768 1118 809 non

21 837 175 904 :spissim
207 844 412 906 cognoscentes
444 853 494 895 ros
516 819 640 878 patienter
650 820 752 871 nutum
765 821 876 885 iniiam,
887 824 931 874 aed
943 829 970 874 ci
984 824 1116 890 hilariter,

21 915 144 970 ,rubere
163 915 314 971 meliorem
329 921 358 972 et
373 929 493 974 manen-
515 885 1039 1018 fflffasffifflffimffoefflmm
1049 898 1118 960 μή·

20 1003 89 1047 iem
103 991 312 1049 substantiam.
941 992 950 1010 ⁹

62 1075 118 1127 se.
132 1073 229 1129 nolite
248 1074 344 1142 traque
364 1075 491 1132 amittere
545 1070 1041 1138 rrnramn1‚nnuequeapuanaun
1055 1087 1116 1142 (ιιι

20 1148 244 1204 confidenfiffi
276 1156 401 1206 ,emm
427 1167 491 1220 quae
514 1143 716 1206 meriti,nepcr
732 1141 907 1193 infidelitatem
922 1145 1032 1207 perdatis
1047 1146 1116 1196 ildu-

20 1239 175 1295 magnam
187 1227 272 1282 haber
285 1230 491 1284 remunefafio,
514 1211 581 1258 ciam
594 1213 666 1260 ionia
681 1209 800 1262 mercede
817 1209 919 1262 fruendi
931 1231 937 1262 r
948 1215 1013 1264 state
1030 1215 1116 1278 ltaque

25 1318 104 1356 nem
513 1281 539 1328 et
549 1283 716 1340 perseverate.

67 1382 120 1434 56.
143 1379 283 1436 Patientia
303 1380 379 1436 eninr
409 1381 490 1436 vobis
543 1377 668 1431 Patientia
688 1383 807 1432 enimet
830 1385 1016 1446 merentis
1042 1376 1115 1437 wip,

25 1458 202 1514 necessaria
216 1460 490 1536 estruiroiuniatem
513 1452 653 1502 necessaria
663 1454 717 1511 est,
729 1455 758 1500 ut
769 1463 849 1514 usque
869 1453 898 1501 ln
912 1450 991 1502 tinem
1009 1452 1055 1502 liat
1067 1465 1114 1504 vo-

67 1633 254 1696 spernentem
271 1633 342 1698 tacit.
361 1635 405 1686 Gr.
423 1637 451 1686 lu
463 1635 593 1686 theatrum
605 1635 739 1698 producti,
751 1635 842 1697 idest,
858 1648 945 1687 coram
955 1637 1113 1694 omnihusln

29 1702 146 1752 theatris
157 1702 267 1766 puhlicis
277 1703 309 1752 ad
323 1701 464 1754 ludibrium
482 1705 588 1765 expositi
602 1701 694 1754 inistis.

66 1771 123 1820 lico
142 1769 271 1822 malornm
282 1775 376 1833 ¹periers
395 1773 423 1822 in
437 1773 578 1834 semetipsis
594 1771 737 1823 tolerarunt
750 1773 856 1825 liehresi.
873 1773 975 1837 Prlmd,
994 1776 1112 1829 inlamatl

30 1845 103 1892 sunt
115 1843 143 1892 et
152 1841 226 1904 quasi
240 1843 278 1892 rel
295 1841 438 1906 plectendi,
455 1841 555 1906 puhliod
571 1853 617 1908 per
636 1843 766 1894 theatrum
780 1844 891 1896 traducit
909 1850 935 1896 et
949 1847 982 1896 ab
992 1848 1112 1904 omnihus

36 1913 124 1961 irrisi.

70 1980 204 2045 meandi,
216 1981 290 2034 honis
302 1983 355 2034 suis
368 1980 468 2046 spoliati
485 1984 546 2032 aunt
561 1983 587 2032 et
601 1979 808 2033 tribulationibus
826 1983 926 2034 afflicti.

73 2052 165 2102 Granis
184 2063 224 2103 res
243 2056 281 2102 eat
297 2052 476 2116 opprobrium,
494 2055 521 2102 ei
537 2050 628 2101 idonea
647 2049 680 2101 ad
696 2052 811 2100 animam
831 2049 1045 2117 subvertendam,
1072 2057 1112 2107 ait

41 2123 76 2172 ll.
92 2122 301 2188 chrysostomum
319 2122 363 2174 sed
379 2121 461 2174 multo
481 2122 580 2183 grarlor
599 2119 702 2184 quando
720 2132 807 2170 coram
820 2122 938 2173 omnihus
953 2125 1012 2184 cuia
1024 2137 1112 2189 expro-

41 2195 154 2250 hrniurr
172 2194 319 2256 granimlma
332 2191 435 2256 mando
449 2190 551 2254 publice
564 2191 622 2253 quie
635 2188 756 2241 irridetur
766 2189 845 2242 simul
855 2195 881 2243 et
890 2193 1044 2259 tribulatur,
1058 2195 1111 2250 eit

37 2262 180 2314 tribulante
191 2262 319 2314 irridetur.
854 2286 858 2291 v

72 2334 134 2384 liae
144 2335 229 2384 annm
239 2335 326 2402 omnis
338 2331 457 2398 exprimit
467 2329 600 2396 ipericius
610 2329 718 2384 dieensr
733 2331 885 2397 Opprth
898 2339 921 2385 et
936 2333 1108 2392 ιτιιιιιαιίοηί-

46 2407 98 2457 hus
113 2406 279 2470 spcnetelcm
296 2405 368 2470 {ecit

74 2484 106 2532 ln
123 2482 200 2533 ettae
214 2487 307 2532 entem.
321 2481 365 2532 Gr.
378 2475 428 2533 hoc
438 2484 526 2532 auteur
534 2513 542 2541 ,
554 2490 601 2532 sen
620 2481 715 2544 partlm
728 2479 790 2534 rard
808 2480 894 2533 totticr
909 2486 1111 2537 muscetum

41 2552 116 2602 socii.
130 2551 170 2601 Gr.
184 2553 413 2603 communicantes.
425 2551 483 2612 syr.
495 2555 521 2602 et
533 2555 662 2602 consortes
675 2551 760 2602 inlatis
775 2549 911 2604 hominurn
922 2557 966 2616 uni
976 2554 1037 2605 iulia
1050 2568 1110 2619 per-

41 2620 171 2679 tulerunt,
184 2618 211 2668 ld
223 2622 277 2679 est,
289 2623 314 2670 et
327 2631 371 2682 per
384 2621 586 2682 compassionem
604 2618 813 2668 communictatls
827 2618 901 2680 alhs,
916 2620 971 2672 huc
982 2621 1110 2674 malorum

40 2701 135 2751 genera
145 2689 310 2750 patientibus,
328 2689 410 2750 iisque
423 2686 548 2751 luneprdi
559 2688 723 2736 succurrlsils
732 2691 900 2747 ,neomenia
914 2689 1108 2752 suppeditando.

76 2761 160 2820 ltaque
171 2757 265 2808 llehrmi
277 2770 323 2822 pro
334 2757 417 2809 fidaei
427 2759 455 2808 ln
467 2770 494 2808 se
507 2755 608 2809 realiter
623 2757 692 2819 passi
706 2759 782 2818 sunt,
796 2761 822 2807 et
833 2758 861 2808 in
873 2757 932 2808 aliis
942 2759 1109 2822 porchariu-

44 2832 99 2878 tem
109 2829 230 2890 mnpaeei
241 2831 303 2878 suni
309 2844 318 2890 ς
329 2827 397 2890 qnod
406 2827 499 2878 clarina
508 2828 540 2877 iu·
547 2837 622 2876 versu
634 2827 750 2889 sequenti
762 2826 851 2877 ordine
861 2829 971 2878 inverso.

78 2913 117 2961 ei.
136 2911 197 2961 lium
210 2917 234 2960 et
251 2911 350 2963 cinctas
368 2910 412 2962 Gr.
429 2911 525 2960 atenim
543 2907 656 2960 vinculis
673 2911 755 2970 meis,
774 2913 800 2960 et
814 2911 850 2960 iia
860 2910 887 2960 S.
899 2911 1106 2976 chrysostomus,

45 2979 137 3039 decede
145 2981 202 3040 μοι,
216 2981 261 3032 scd
273 2981 330 3044 syr.
340 2985 366 3030 ei
376 2985 462 3034 noster
470 2981 613 3042 interpres,
627 2975 732 3036 sermon
743 2977 876 3041 legerunt,
887 2979 915 3031 id
924 2985 978 3042 est,
990 2981 1107 3037 tidelihru
1195 3041 1197 3045 ,

48 3055 148 3116 propter
161 3050 235 3102 tidem
252 3052 425 3102 incarceratis.

78 3119 179 3169 (imrern
191 3117 389 3184 persecutionem
400 3119 482 3171 iudai
496 3117 629 3171 christiani
640 3114 803 3180 ierosolymis
814 3120 882 3181 passi
893 3120 955 3170 suut
970 3122 1028 3183 pest
1037 3129 1108 3172 mor·

50 3193 104 3238 tem
118 3187 145 3238 ll.
160 3187 292 3252 Stephani,
309 3188 406 3251 deque
427 3187 483 3237 Act.
504 3193 542 3238 ii.
561 3191 599 3239 iii.
1131 3213 1144 3227 ·

81 3265 112 3313 nt
123 3264 236 3326 remeent
247 3262 371 3313 hoamen
382 3269 532 3314 ememor.
547 3262 590 3314 Gr.
607 3262 802 3315 subsistentium
814 3267 970 3325 rethorum,
987 3275 1033 3315 seu
1043 3263 1106 3315 suh-

49 3334 209 3394 stuntiaruur,
222 3331 251 3383 id
266 3335 320 3393 esi,
338 3331 464 3384 bonorum
485 3327 611 3383 etiamad
630 3332 820 3384 aubshtentiam
836 3336 1046 3385 nccemariorum.
1075 3382 1081 3391 ,

82 3411 140 3460 Cum
155 3407 265 3471 posse,
283 3409 343 3470 puis
363 3406 412 3458 tide
425 3405 544 3458 sciebatis
554 3421 602 3458 eor
618 3407 748 3459 mettwcm
764 3407 1050 3468 hohaerahrtcnticm,
1061 3409 1107 3459 ilr-

49 3490 117 3532 mem
125 3493 134 3538 ’,
143 3476 252 3528 nabilem
264 3480 290 3527 at
298 3489 355 3539 quae
364 3477 446 3540 perire
457 3488 509 3526 non
519 3479 618 3538 potest.
631 3477 713 3528 ileum
722 3489 817 3542 nempe
829 3483 855 3527 ei
868 3481 962 3528 eterna
972 3478 1018 3528 liei
1027 3479 1105 3542 hona,

46 3553 78 3600 in
90 3559 156 3610 quem
165 3548 206 3608 ins
219 3545 297 3596 hahet
305 3547 351 3608 qui
361 3545 561 3608 persecutionem
574 3547 671 3608 patitur
683 3550 785 3610 propter
796 3547 935 3608 ‘justitiam

85 3631 122 3681 ei.
131 3629 203 3680 doliu
213 3629 301 3692 ithru
310 3629 424 3679 omittere
440 3625 623 3690 ecefidmte'nm.
635 3626 680 3679 Gr.
691 3625 829 3692 iiduciam,
842 3640 888 3693 per
898 3628 1083 3693 metonymiam
1095 3663 1104 3691 .

53 3713 102 3764 qua
111 3701 202 3763 ponitur
215 3703 288 3749 antus
300 3709 347 3763 pro
364 3697 472 3758 obiecto.

84 3767 109 3818 ld
120 3771 166 3830 eet,
178 3779 209 3817 ne
221 3766 430 3836 perdatisliaque
442 3765 574 3816 thesauros
582 3768 621 3817 tot
630 3765 760 3819 laboribus
769 3769 795 3818 et
803 3767 896 3831 praiiie
903 3769 1062 3831 neomutus,
1078 3769 1106 3822 et

56 3847 116 3901 qnos
128 3835 257 3886 cecidistis
272 3838 417 3899 recepturos
427 3835 455 3884 tu
469 3833 556 3896 ecelis,
566 3839 690 3898 ianqusnr
702 3836 828 3888 mercedis
838 3837 1041 3890 resitutionem.

85 3915 331 3970 sanctonicensis
346 3917 485 3968 remerenda
504 3923 555 3978 ert,
578 3917 605 3970 id
618 3921 672 3980 est,
688 3922 718 3970 ut
732 3918 841 3982 erptleai
850 3918 880 3969 n.
891 3918 1103 3984 chrysostomus,

60 4000 108 4040 uno
121 3986 165 4039 eolo
174 3985 243 4038 robis
258 3997 321 4051 opus
332 3991 385 4050 cst,
397 3991 427 4038 nt
437 3985 620 4053 marnis,
638 3989 777 4056 putem,
789 3987 969 4055 busmhclter
979 3990 1051 4048 sotir
1060 4001 1105 4042 cc·
