2575 4459
172 346 208 405 'it
370 344 503 403 PRlllAE
521 348 721 408 EPISTOLAE
739 344 1041 409 tortuosissimi
1147 378 1160 395 ·

198 442 301 505 Oportet
320 444 406 493 eutem
428 446 457 493 nt
482 444 623 509 Episcopus
651 450 685 497 stt
705 448 764 497 vitm
822 451 850 502 2.
864 451 1058 518 oportetergo
1070 445 1242 515 episcopum

167 522 269 572 prorsus
289 510 536 571 irreprehensibilis,
557 526 609 564 non
634 515 763 576 bigamus,
787 524 1061 592 irreprehensibilem
1069 539 1145 591 esse,
1155 528 1242 578 unius

788 604 883 656 uxoris
894 604 1000 667 virum,
1010 602 1159 667 sobrium,
1171 617 1242 669 prn-

168 580 199 629 sit
212 576 326 637 sobrius,
343 581 368 626 et
380 584 561 641 consequenter
571 581 692 643 rigiinns,
704 595 766 645 pru·

167 732 245 871 ιιιιῖιι
263 765 293 801 ex
308 752 388 870 omelbo
406 754 576 815 inspectores,
592 752 623 803 de
641 756 749 817 quibus,
761 759 859 810 servate
879 760 1058 821 proportione,
1071 756 1241 821 intelligendu

167 835 214 874 eun
236 834 292 883 once
306 836 366 883 supr
383 856 390 871 .
928 833 933 840 ·

197 909 222 957 2.
234 908 334 968 Oportet
347 920 405 967 erpo
422 908 565 967 episcopum
576 906 819 967 irreprehensibilem
833 923 892 958 este.

197 976 287 1038 Incipit
298 974 452 1024 conditiones
467 976 492 1022 iu
507 976 623 1035 episcopo
637 977 770 1035 requisitus
783 977 909 1035 indicare,
925 990 957 1027 ec
974 975 1078 1039 primh,
1089 978 1164 1040 quod
1183 981 1242 1027 site

167 1046 201 1095 stt
215 1056 317 1106 prorsus
331 1044 570 1104 irreprehensibilis,
581 1056 624 1091 seu
642 1044 672 1091 tle
685 1056 735 1103 quo
748 1044 817 1093 nulle
830 1045 883 1094 lieri
897 1048 974 1107 possit
984 1049 1054 1105 justa
1072 1047 1194 1107 querela.

199 1118 449 1180 irreprehensibilis.-
466 1116 513 1167 hoc
534 1119 607 1167 unice
630 1118 705 1167 uerbo
727 1131 805 1179 genus
821 1133 898 1169 ercino
920 1123 1021 1171 virtutis
1040 1125 1190 1185 expressit,
1205 1127 1241 1172 nit

118 1202 121 1207 ·
168 1188 196 1237 b.
210 1187 411 1249 chrysostomus.

198 1262 440 1323 irreprehensibilis,
456 1261 480 1309 id
495 1266 547 1319 est,
559 1262 630 1310 omni
644 1263 738 1311 virtute
758 1266 926 1325 conspicuus.
941 1269 970 1314 ut
981 1278 1065 1324 neone
1081 1265 1162 1316 illum
1177 1266 1238 1324 ulii,

169 1344 248 1392 neone
260 1334 311 1393 ipse
324 1343 351 1380 sc
365 1332 448 1392 ipsum
467 1330 639 1393 reprehendet.
657 1330 866 1393 theophylactus.
879 1333 959 1394 llutos
971 1336 1009 1382 rei
1028 1336 1097 1383 ratic
1108 1336 1169 1385 haec
1178 1343 1219 1385 est
1232 1356 1238 1383 ι

198 1402 335 1463 Episcopus
348 1400 438 1449 Christi
452 1404 641 1460 representatur
654 1405 693 1448 est
703 1419 710 1448 ι
721 1400 834 1451 Christus
844 1404 914 1450 enim
927 1404 1026 1463 primus
1036 1407 1076 1451 est
1088 1413 1239 1453 nmisnrum

168 1473 310 1521 nnmerum
322 1471 469 1531 episeopus,
480 1468 598 1529 princeps
616 1472 655 1517 est
670 1473 821 1530 pestoromt
838 1470 933 1521 Christi
944 1473 1033 1534 ltoqee
1048 1476 1199 1523 moctitetis
1215 1482 1239 1524 et

168 1540 317 1589 innocentius
336 1539 459 1598 particeps
470 1548 524 1585 esse
538 1536 625 1596 dehet,
637 1540 704 1587 sicut
714 1543 740 1587 et
751 1540 893 1591 sacerdotii.

196 1610 268 1659 Sient
279 1619 336 1669 ergo
350 1606 479 1665 Christus,
489 1606 600 1666 pontitcx
615 1603 755 1667 noster,cst
764 1610 896 1669 hiemem,
907 1610 1073 1673 hnpolluttte,
1086 1622 1238 1677 seprcpetus

167 1692 185 1727 o
199 1676 578 1741 peccatorihoe51tnepiseepus
591 1677 625 1727 sit
635 1677 872 1741 irreprehensibilis,
881 1694 937 1744 eeu,
948 1686 978 1732 ut
986 1684 1023 1735 cit
1033 1682 1119 1747 Syrus
1126 1719 1136 1741 .
1143 1686 1175 1735 ln
1187 1699 1237 1748 quo

167 1759 253 1797 ueevus
267 1758 318 1793 nou
331 1747 479 1806 reperietur.

198 1815 248 1865 lloc
265 1812 374 1877 postulet
391 1816 446 1875 ejne
458 1814 585 1877 dignitus,
596 1827 647 1867 ocu·
657 1817 750 1869 Christi
763 1822 961 1882 representem.

197 1884 248 1933 lioc
259 1882 368 1945 postulet
383 1887 408 1932 et
421 1896 533 1944 munus,
547 1897 591 1933 seu
603 1885 714 1936 cilicium
731 1887 855 1949 decentii,
870 1890 986 1950 emendi,
998 1893 1049 1941 etc.

197 1952 316 2007 indecens
328 1956 365 2001 est
377 1954 398 2001 si
408 1952 611 2014 reprehensibilis
622 1956 655 2002 sit
668 1956 841 2017 reprehensor.
858 1957 935 2008 Divus
947 1958 1066 2009 Thomas.

194 2022 249 2073 h'on
264 2021 336 2071 decet
348 2019 493 2081 huiusmodi
506 2032 605 2081 regere,
617 2021 662 2071 soil
681 2026 744 2084 regi.
758 2023 788 2073 b.
804 2025 934 2087 chrysost.

195 2091 274 2153 Quem
285 2090 316 2140 eb
332 2092 474 2153 episcopatu
493 2090 634 2153 oppetendo
647 2104 699 2141 non
712 2092 835 2143 deterruit
852 2107 919 2144 onus
932 2097 1085 2156 minsterii,
1098 2109 1172 2151 onos
1184 2102 1237 2152 sei-

165 2159 223 2209 licet
239 2159 385 2221 invigilandi
401 2164 426 2210 et
439 2163 564 2211 rationem
580 2160 611 2210 tle
629 2162 764 2210 animabus
778 2162 829 2211 beo
844 2162 980 2225 reddendi,

194 2230 267 2279 Hune
284 2230 408 2279 deterreat
420 2232 539 2289 sanctitas
553 2231 580 2278 in
592 2230 710 2279 ministro
720 2233 849 2291 requisitu.

197 2305 296 2365 Oportet
307 2309 335 2351 ut
347 2302 380 2350 sit
390 2302 631 2369 irreprehensibilis,
642 2303 669 2351 id
680 2308 731 2363 est,
743 2304 759 2353 ι
769 2306 831 2353 vitio
841 2311 868 2355 et
878 2306 912 2355 ιιι
923 2310 994 2358 omni
1004 2309 1073 2360 mele
1083 2316 1237 2377 suspicione

165 2370 241 2430 iiber,
260 2374 287 2419 nt
306 2372 338 2418 sit
353 2371 422 2420 omni
438 2372 533 2421 virtute
544 2374 716 2433 conspicuus,
734 2375 764 2421 ut
781 2375 815 2423 sit
826 2374 887 2425 solis
901 2377 998 2437 luctor,
1008 2380 1053 2440 qui
1071 2394 1121 2431 sno
1136 2382 1237 2446 fulgore

165 2444 267 2489 emtores
277 2436 402 2485 obscuret.
417 2435 445 2485 b.
457 2436 658 2499 chrysostomus.
1140 2438 1152 2447 ’

195 2508 227 2556 ιιι
239 2518 327 2625 (Βιιιιιτιέ
343 2505 405 2555 ulios
424 2507 528 2557 excedet
547 2511 681 2560 sanctitate
699 2515 724 2561 et
736 2512 868 2575 doctrine,
881 2520 912 2566 ut
928 2522 1043 2580 respectu
1055 2519 1097 2568 sui
1117 2522 1169 2571 niti
1182 2526 1236 2573 sint

163 2590 230 2639 grex.
263 2610 270 2625 .
327 2589 405 2626 omns.

192 2646 330 2707 Episcopus
342 2649 374 2694 sit
388 2649 501 2697 omnium
512 2660 617 2711 scopos,
628 2651 696 2700 sicut
705 2651 820 2704 Christus
831 2658 869 2705 est
877 2658 987 2719 episcopi
997 2669 1098 2723 scopus.
1108 2660 1236 2714 Clemens

166 2714 344 2765 Alexandrinus
362 2716 455 2765 citatus
468 2716 593 2767 hCoruel.
608 2717 653 2767 lib.
669 2722 694 2767 2.
705 2726 786 2771 const.
796 2723 881 2784 ipcst.
896 2737 952 2785 cop.
967 2728 1005 2776 tt.
1096 2740 1099 2745 ·

192 2784 251 2843 Quis
267 2783 344 2831 telis?
356 2787 400 2831 eut
413 2782 514 2845 nullus,
525 2787 570 2839 aut
583 2797 656 2835 retus
668 2791 721 2848 est,
732 2790 769 2838 ιιι
780 2788 810 2841 l).
819 2790 996 2853 Hieronymus.

195 2859 270 2909 b'uiue
285 2858 372 2907 ueoris
385 2859 480 2908 uirum.
606 2859 609 2865 '

191 2932 347 2982 Orsenvtrro
365 2934 618 2985 curremus-Hoc
631 2934 686 2987 leco
697 2936 838 2988 abutuntur
849 2940 977 3003 heretici,
991 2942 1053 2993 hinc
1064 2949 1125 2997 cute
1139 2954 1233 3000 omnio

161 3002 305 3052 removendi
318 3004 378 3051 sunt
389 3000 445 3051 inlsi
456 3016 554 3053 sensus.

190 3070 291 3129 Primo,
307 3069 348 3119 his
368 3071 452 3121 verbis
473 3084 525 3122 nou
545 3073 684 3136 imperetur
703 3078 912 3139 matrimonium,
934 3082 1006 3140 quest
1024 3087 1140 3144 oporteat
1158 3089 1231 3148 qnbd

160 3143 290 3202 opiscopus
304 3140 337 3189 sit
350 3143 396 3187 ent
408 3137 484 3190 luerit
497 3147 626 3191 ureretus.

189 3206 320 3267 Alioquin,
334 3209 363 3253 ut
380 3209 415 3255 eit
433 3207 461 3256 b.
481 3209 668 3272 Hieronymus,
682 3212 726 3262 hb.
741 3217 769 3277 t.
782 3215 904 3267 adversus
918 3217 1001 3268 lorin.
1014 3220 1070 3281 ipse
1087 3220 1230 3283 Apostolus

158 3278 289 3338 episcopus
307 3286 361 3323 esso
372 3286 424 3325 uon
440 3275 542 3337 debuit,
552 3280 597 3339 qui
608 3280 690 3329 diuite
708 3281 766 3333 Volo
779 3295 824 3333 eos
842 3299 926 3335 omues
935 3300 986 3335 esse
998 3289 1065 3338 meet
1080 3290 1226 3355 meipsum,

157 3344 184 3395 itt
200 3346 254 3403 est,
268 3341 359 3391 liberos
372 3343 387 3391 ι
400 3346 526 3405 coningio.

186 3412 219 3466 itt
231 3413 341 3466 loannes
352 3412 471 3476 indignus
484 3416 532 3465 hec
544 3416 622 3478 gradu
635 3420 834 3481 existimabitur,
845 3427 871 3472 et
880 3436 969 3475 omnes
979 3427 1089 3488 virgines
1099 3432 1127 3479 et
1135 3436 1227 3483 woti-

157 3486 261 3547 uentes,
271 3483 364 3546 quibus
379 3485 451 3545 quasi
463 3483 640 3546 pulcherrimis
651 3490 758 3549 gemmis
770 3489 888 3542 Ecclesiae
900 3492 995 3542 monile
1012 3494 1158 3549 decoretur.

187 3551 255 3604 Adde
265 3552 333 3615 quoti
346 3552 495 3603 Timotheus
505 3554 583 3604 Paulo
593 3557 749 3621 precipicnu
759 3570 856 3609 morem
871 3561 938 3611 mole
947 3564 1061 3625 gmsissct
1070 3600 1078 3625 ‚
1088 3578 1139 3617 uec
1149 3572 1223 3624 cmm

156 3620 229 3673 duxlt
242 3634 344 3672 uxorem
356 3659 363 3683 ,
374 3624 442 3673 sicut
452 3634 534 3685 nequo
544 3624 624 3675 Titus.

184 3690 263 3742 uuiti
277 3692 349 3753 pejus
362 3691 462 3743 heisset
471 3692 500 3742 b.
517 3692 619 3754 Petrus,
635 3697 680 3755 qni
697 3707 800 3746 uxorum
812 3696 923 3757 rcbcuo.

185 3758 317 3823 διιιιᾱὸ,
336 3773 389 3810 non
409 3761 556 3823 prohibetor
575 3762 717 3825 polygamie
739 3764 908 3828 simumee,
930 3780 975 3819 seo
998 3782 1051 3821 non
1066 3772 1221 3835 prohibetur

155 3828 240 3897 plures
250 3827 359 3887 hahere,
373 3835 418 3877 eut
435 3829 551 3881 habuisse
566 3832 692 3891 coniuges.

185 3898 243 3949 llaee
254 3897 322 3945 enim
336 3895 475 3958 polypemie
484 3900 552 3961 opud
563 3900 719 3949 Christianos
729 3912 862 3962 nosquam
871 3902 922 3954 luit
937 3904 1026 3956 licitu
1037 3908 1107 3971 epoti
1115 3910 1218 3969 lum

155 3970 209 4020 eret
221 3972 283 4017 tnnc
294 3965 411 4025 abrogata
418 3985 426 4025 ς
436 3968 504 4028 opud
517 3966 627 4017 Gentiles
644 3971 698 4015 eret
714 3970 825 4016 remonis
839 3969 935 4033 iegibus
947 3973 1093 4041 promptu,
1109 3979 1146 4033 gp
1154 3986 1218 4049 qum

156 4048 215 4109 erpo
227 4033 395 4106 spectetitcrt
407 4032 436 4093 ι),
447 4034 524 4091 eonio
535 4033 709 4103 prohihepetur
719 4036 862 4109 episcopioi
