2575 4459
395 302 746 425 amsrouu
1121 424 1123 431 ,

23 566 112 706 Β.
167 561 430 709 PAULI
478 566 596 710 Ab
643 569 1092 717 HEBRAEOS

279 853 510 937 TRIPLEX
544 855 859 948 EXPOSITIO.

166 1073 326 1141 arnust,
344 1075 573 1144 abbaraam,
594 1077 707 1143 droun
724 1080 974 1139 consummo.

23 1315 1094 1355 “mmmmmssmm

387 1552 754 1657 PRAEFATIO.

28 1763 141 1866 Avus
153 1796 297 1876 Graecos,
311 1794 345 1859 in
364 1794 501 1860 Faeelesia
521 1795 680 1878 orientali,
701 1798 806 1863 nullus
819 1799 1028 1881 antiquiorum
1047 1806 1102 1868 Pa·

31 1910 123 1968 trum
135 1902 290 1968 dubitarit
303 1902 380 1983 quin
392 1902 461 1967 haee
471 1902 512 1967 ad
524 1902 672 1967 llebraeos
685 1903 840 1985 Epistola,
855 1908 888 1969 et
899 1906 1047 1971 eanomca
1060 1908 1101 1974 sit

32 2015 68 2074 et
82 2008 222 2072 Paulina.

71 2111 140 2177 lmd
154 2117 187 2177 et
201 2112 342 2195 plerique
358 2112 508 2195 haeretiei,
523 2129 575 2182 ¹eu
590 2114 651 2177 bae
668 2112 804 2176 Eoclesia
822 2114 960 2195 egressi,
981 2132 1051 2179 eam
1065 2120 1101 2182 ut

35 2219 196 2284 Paulinam
209 2218 325 2299 citant,
340 2220 473 2300 eiusque
490 2218 664 2283 abutuntur
679 2218 875 2284 auctoritate.

74 2324 178 2387 Ariani
192 2323 271 2402 soli,
292 2326 347 2387 aut
363 2325 477 2389 saltem
497 2323 609 2405 primi,
624 2324 710 2388 illam
723 2326 834 2406 utpote
854 2324 919 2390 suis
943 2327 1101 2394 erroribus

37 2431 229 2495 contrariam
246 2431 440 2511 rejecerunt,
457 2430 623 2513 dequibus
636 2427 751 2496 merito
768 2446 903 2511 querens
922 2434 1101 2499 Theodore-

38 2545 112 2616 t11S,
125 2538 191 2601 ait:
741 2533 744 2539 ’

80 2642 249 2725 Oportebat
260 2641 363 2724 ipsos,
375 2642 436 2707 etsi
447 2641 526 2706 nihil
536 2640 638 2723 aliud,
653 2642 804 2724 temporis
819 2640 905 2707 certe
918 2642 1103 2708 diuturnita-

40 2756 107 2816 tem
119 2749 271 2828 rerereri‚
286 2766 349 2830 quo
363 2749 445 2813 hane
464 2748 635 2831 Epistulam
653 2746 686 2810 in
696 2748 841 2813 Ecclesiis
851 2746 1002 2831 perpetuo
1016 2750 1102 2830 lege-

41 2861 116 2920 runt
132 2856 245 2919 alumni
258 2854 399 2920 veritatis
415 2871 477 2918 :ex
488 2871 552 2935 quo
567 2855 653 2919 enim
670 2854 845 2918 litterarum
861 2854 1103 2936 apostolicarum

42 2963 167 3025 fuerunt
186 2961 242 3025 Dei
267 2960 415 3025 aeclesia
437 2947 624 3039 participes,
647 2973 689 3022 ex
707 2959 762 3022 illo
779 2958 875 3033 etiam
897 2959 1041 3041 Epistulae
1062 2961 1129 3023 ad-

43 3068 186 3131 Hebreos
210 3066 380 3129 utilitatem
399 3064 575 3146 percipiunt
598 3064 837 3128 :Theodoretus
857 3062 891 3127 in
916 3068 1102 3145 argumento

45 3172 184 3253 Epistola
197 3171 238 3235 ad
251 3170 409 3235 llebraeos.

91 3276 176 3357 Apud
193 3276 341 3356 Latinos,
359 3276 468 3341 multis
482 3275 516 3340 in
531 3274 695 3354 aeclesiis,
712 3274 886 3355 presertim
898 3274 931 3339 in
943 3276 1100 3356 Romana,

47 3380 217 3445 dubitatum
233 3378 361 3462 quidem
374 3378 433 3445 luit
450 3384 483 3445 et
502 3378 544 3445 de
563 3380 749 3457 auctoritate
761 3382 794 3444 et
811 3379 851 3443 de
862 3382 990 3443 auctore
1006 3380 1101 3459 hujus

49 3487 205 3567 Epistole3
221 3484 304 3549 sorte
318 3486 391 3566 quia
403 3488 542 3550 Novatus
562 3488 595 3549 et
610 3472 772 3550 Novatiaui
785 3486 824 3549 ea
836 3484 1044 3548 abutebantur
1062 3486 1103 3551 ad

50 3590 257 3671 denegandam
276 3590 371 3673 lapsis
386 3590 614 3673 paenitentiam.

90 3698 234 3777 Tempore
243 3696 307 3763 dlvi
319 3694 505 3777 Hieronymi
522 3692 665 3757 nondum
679 3690 802 3775 publiea
814 3690 976 3773 legebatur
995 3692 1029 3757 in
1044 3696 1103 3759 Eo-

53 3801 156 3866 elesiis.

91 3908 224 3971 Clemens
237 3912 345 3972 tamen
356 3923 504 3970 romanus
516 3906 681 3987 Pontifex,
692 3903 907 3985 apostolorum
921 3902 1103 3987 discipulus,

56 4030 121 4081 eom
142 4016 177 4077 ut
200 4014 385 4079 eanonicam
402 4013 435 4079 ot
452 4008 615 4113 rammam
634 4006 815 4078 citaverat
833 4008 941 4091 primis
959 4010 1105 4076 Ecclesia
