2575 4459
317 209 491 266 'HllPLEX
507 207 731 271 BXPOMHO.
748 213 832 273 GAP.
848 214 935 274 xiii
1097 217 1157 276 ’Μ

97 299 248 382 ‚durum
264 303 293 356 lu
308 316 359 366 cuo
376 305 443 356 idom
458 306 570 371 pensiles
584 307 715 370 (11ιι1ιιιιι,
730 308 781 360 oso
798 304 884 362 dexter
898 309 1025 373 assidens,
1038 313 1157 364 minista-

79 381 159 422 rmm
170 384 246 422 suom
256 374 352 437 peragit
363 375 392 426 iu
404 375 493 438 culis,
507 379 590 440 capite
605 379 637 441 8,
653 392 682 430 ι.
695 382 706 430 1
719 383 745 431 ei
755 381 785 441 25
796 384 822 431 et
831 380 909 444 apoc.
920 390 976 446 esp.
987 386 1021 444 8,
1037 394 1064 433 ιι.
1076 385 1103 434 a.

116 443 171 494 Sed
184 457 213 496 ex
229 445 271 498 lais
286 448 407 500 omuibus
422 462 478 512 qua
489 451 642 502 conclusio?

118 529 250 580 Essemus
262 532 346 594 {plear
356 534 391 583 cd
406 545 464 583 eum
476 539 547 584 eolre
557 540 654 595 cestro,
666 535 755 598 idest,
768 549 886 589 exmmus
896 537 911 588 ὸ
922 537 1014 600 noble,
1027 539 1060 590 ad
1070 539 1157 591 Pond-

79 594 164 648 ileem
175 601 292 652 nostrum
309 601 460 653 accedamus
470 603 576 665 allecia,
594 606 691 669 ipsique
709 605 758 658 ilde
773 612 798 658 et
810 607 934 659 charitate
950 609 1034 670 uuiti,
1051 619 1097 672 per
1112 610 1156 673 lp-

81 677 161 727 sum,
181 680 240 718 oum
255 671 310 733 ipso
324 675 349 720 et
362 671 390 721 iu
406 674 460 735 lpso
471 675 607 738 offeremus
619 677 735 726 llosls'om
746 677 831 728 merlis
843 691 939 740 semper
953 679 1016 728 Deo.

115 739 167 791 Per
188 743 289 806 msam,
308 747 440 810 cumipse
461 751 486 796 el
505 748 532 796 ln
552 749 607 810 ipso
627 749 762 800 oderamus
784 763 884 815 semper
895 751 946 801 lleo
959 749 1155 807 immaculatam

82 807 190 880 ignum
206 812 252 862 llel
270 814 299 863 in
316 825 408 877 cruce,
424 815 455 865 ad
468 815 513 866 llel
530 815 636 878 gloriam
652 817 830 880 immolatum,
844 822 961 869 Hostiam
974 820 1068 875 uoce.

114 883 188 936 Nihil
204 899 318 949 unquam
332 888 413 940 licum
426 891 497 952 aque
508 889 659 954 glorificavit
669 928 677 952 ‚
689 905 745 956 cup.
757 897 788 954 8,
800 895 828 944 in
842 893 939 954 coroll,
951 909 978 944 ιι.
990 899 1014 946 a.

77 965 82 970 ·
115 959 165 1012 Per
178 961 280 1024 ipsum,
294 975 354 1013 cum
367 965 421 1026 ipso
441 969 466 1015 et
477 967 569 1029 inipso
590 966 726 1017 oderamus
739 979 837 1030 semper
857 968 907 1020 lieo
924 970 1041 1019 Hostium
1054 969 1153 1031 modis,

84 1029 178 1081 lesum
194 1031 344 1094 Christum,
362 1035 469 1097 mystice
491 1035 641 1087 cruclllxum
655 1038 683 1085 iu
695 1037 874 1098 dacheriano,
896 1042 922 1088 el
937 1037 972 1089 ibi
991 1039 1111 1091 mutinae
1127 1041 1152 1096 ei

83 1099 184 1162 ubique
203 1104 331 1153 terrarum
347 1114 401 1154 sese
419 1103 455 1152 ad
473 1103 519 1154 liei
536 1103 640 1166 glorium
662 1105 848 1156 immolantem.

104 1183 234 1304 offiium
249 1183 334 1236 leudis
351 1185 401 1236 lieo
420 1186 480 1238 rere
497 1187 614 1252 dignam,
633 1190 771 1250 gmiiarum
791 1188 989 1248 arcionensem
1009 1190 1151 1254 proportio·

82 1267 103 1304 u
177 1287 185 1305 .

116 1321 166 1373 Per
178 1324 277 1384 ipsum,
288 1333 349 1374 cum
361 1325 416 1387 ipso
429 1327 455 1376 et
464 1327 492 1374 lu
510 1327 564 1387 ipso
580 1323 716 1374 oderamus
731 1325 782 1375 lleo
795 1337 894 1390 semper
905 1322 1005 1390 ignum
1018 1325 1062 1396 llpl
1073 1363 1080 1386 .
1093 1331 1154 1379 iau·

84 1405 167 1512 ιιιίιῑιιιιι
182 1395 313 1511 mulsum,
328 1405 414 1444 eoram
424 1393 517 1445 intono
527 1395 572 1444 liei
582 1398 702 1457 stantem,
714 1399 739 1445 et
748 1407 803 1446 sese
816 1395 849 1446 ad
859 1401 980 1447 aternam
991 1395 1035 1446 Dei
1047 1395 1154 1460 gloriam

89 1473 106 1512 o
127 1473 188 1513 eren
200 1474 250 1514 em.

118 1546 235 1596 Hostiam
246 1543 330 1597 icccc
340 1565 349 1596 .-
358 1543 439 1596 Deum
448 1557 508 1596 cum
519 1547 615 1596 sanctis
624 1546 743 1597 omnibus
754 1545 830 1609 digne
840 1518 927 1598 laudat
936 1549 964 1598 in
972 1549 1105 1599 eternum.

119 1619 191 1682 llllge
208 1621 278 1682 quod
296 1633 327 1672 ex
343 1619 385 1671 his
397 1620 479 1671 tribus
492 1619 614 1672 altaribus
630 1621 769 1682 malueris;
780 1626 808 1672 at
819 1635 852 1672 ue
868 1625 1005 1682 monueris
1021 1635 1152 1686 ιιιιιιιιιιιι,

89 1704 139 1742 nce
160 1694 188 1742 in
206 1693 277 1752 uita,
297 1703 345 1741 nec
364 1693 393 1742 lu
411 1693 511 1750 morlo,
524 1702 571 1742 nec
587 1691 616 1742 iu
633 1693 790 1755 eternitate,
804 1705 879 1756 super
890 1706 972 1744 unum
985 1697 1031 1744 aut
1042 1692 1152 1744 altorum
1176 1697 1181 1705 '

86 1761 202 1812 llosiiam
213 1761 296 1812 laudis
308 1761 359 1810 lleo
370 1772 468 1824 semper
478 1759 578 1811 offerre.
701 1769 706 1776 ·

118 1835 156 1886 Ad
174 1837 224 1887 hoc
236 1835 309 1898 Pater
322 1834 441 1886 AElemus
453 1834 547 1885 Flllum
566 1848 664 1897 suum,
682 1837 711 1886 lu
731 1849 781 1899 quo
797 1836 846 1886 sibl
864 1836 929 1886 hene
946 1835 1097 1900 complacuit
1119 1835 1152 1888 al)

86 1908 182 1958 miscuo
193 1941 200 1968 ,
211 1905 257 1958 libi
276 1904 346 1956 dedii
356 1907 384 1955 in
399 1907 513 1968 tempore
524 1941 531 1966 ‚
543 1908 572 1955 ut
591 1905 665 1955 illum
678 1907 702 1954 ei
713 1906 804 1955 oderas
817 1919 913 1968 semper
924 1907 1040 1956 lloseiom
1057 1906 1151 1957 laudm

118 1974 158 2025 Ad
174 1974 224 2026 hoc
236 1974 314 2025 Filius
326 1974 371 2026 Del
385 1975 550 2036 unigenitus,
569 1972 687 2037 splendor
706 1977 732 2022 ei
749 1973 829 2036 gloria
844 1973 942 2034 Ριῐι1ι,
956 1986 983 2024 se
1002 1978 1086 2024 totum
1104 1975 1151 2025 ilbi

90 2047 170 2108 dedii,
180 2058 256 2109 seque
266 2051 341 2096 tuum
350 2047 432 2096 lotum
441 2044 501 2096 leclt
508 2047 535 2094 iu
545 2046 721 2094 incarnatione
733 2048 758 2094 el
768 2045 797 2093 ln
806 2045 1151 2110 marnaeonlsenonsiona

88 2111 247 2170 sanctissimi
258 2115 434 2175 declaretis,
449 2117 480 2166 ut
491 2113 627 2165 illumlleo
644 2127 742 2176 semper
759 2115 849 2176 offerus
864 2114 981 2165 Hostiam
994 2114 1088 2166 modis.

120 2187 159 2237 'lu
176 2184 241 2236 nihil
256 2197 283 2234 es
293 2221 301 2245 ,
313 2181 379 2234 nihil
391 2182 475 2244 vales,
488 2181 554 2232 nihil
570 2187 659 2246 poles,
673 2181 740 2232 male
752 2181 802 2233 lleo
819 2183 906 2233 servis.

89 2308 93 2316 ,
119 2253 212 2306 duleas
223 2253 306 2316 ergod
319 2255 451 2315 temetipso
461 2264 469 2314 3
479 2251 496 2302 i
506 2256 551 2302 luo
562 2251 642 2302 nihilo
652 2251 798 2302 omnimodo
808 2251 856 2313 ,ad
866 2248 993 2302 ineffabile
1003 2251 1047 2302 Dei
1054 2250 1151 2303 donum

89 2325 196 2386 accede,
210 2323 273 2376 illud
288 2337 348 2374 eum
363 2323 504 2372 reverentia
514 2324 597 2385 recipe
607 2358 615 2383 ‚
626 2321 718 2384 illoque
728 2326 800 2384 juria
811 2321 855 2372 Ilei
871 2321 1058 2385 beneplacitum
1070 2326 1149 2373 utere.

119 2396 178 2447 lide
189 2398 266 2458 igitur
279 2399 305 2445 et
315 2393 437 2445 charitato
453 2392 569 2454 Christo,
585 2405 687 2443 summo
696 2391 824 2456 pontiflci,
837 2394 911 2443 unire
922 2391 1080 2454 frequenter,
1092 2393 1150 2443 etsi

89 2465 143 2516 llerl
164 2469 260 2531 polest,
281 2462 402 2515 continue
411 2479 422 2525 ‚·
440 2475 488 2528 por
504 2461 578 2512 lllum
588 2499 596 2523 ,
607 2476 668 2512 oum
680 2461 724 2512 illo
736 2466 762 2512 ei
778 2465 807 2512 in
827 2461 888 2522 illo,
909 2463 971 2513 oller
990 2464 1039 2514 lieo
1054 2477 1151 2527 semper

89 2539 204 2588 Hostium
214 2536 312 2593 leodis,
323 2533 373 2584 lieo
386 2533 501 2595 dignam,
516 2530 661 2592 infinitam,
672 2531 722 2580 lleo
734 2535 950 2595 proportionalem
955 2553 963 2592 ι

122 2607 187 2658 oller
199 2607 328 2658 Christum
339 2607 437 2668 ipsam,
452 2601 610 2667 splendorem
622 2601 716 2661 Putris,
731 2601 764 2650 ad
775 2601 819 2650 llel
830 2600 952 2663 gloriam

119 2677 185 2728 Oder
196 2677 342 2735 Christum,
353 2673 552 2732 Eucharistlam,
564 2670 596 2720 ad
611 2673 752 2732 gratiarum
764 2672 904 2729 actionem
1153 2699 1157 2705 -

120 2748 185 2799 oller
200 2747 349 2806 Christum,
367 2744 468 2808 ignum
484 2741 528 2792 Dei
546 2739 676 2792 tollentem
695 2744 797 2804 peccalo
816 2740 921 2796 mundi,
938 2739 971 2789 ad
989 2744 1149 2802 peccalorum

90 2819 275 2870 remissionem·
433 2842 437 2849 ι

120 2888 185 2938 Oller
196 2853 339 2946 carisium,
351 2883 448 2934 donum
460 2880 586 2932 donorum
601 2879 663 2943 liei,
674 2878 708 2929 ad
720 2880 858 2941 graciarum
871 2878 1011 2928 olisatum.

120 2958 180 3008 vide
194 2955 354 3008 corollarium
366 2953 502 3018 pictatiola
513 2951 564 3001 fine
575 2951 665 3013 capitis
675 2950 747 2998 noni.
951 3012 955 3021 1
1033 2967 1037 2976 ·

117 3027 224 3078 lllicrlrls
240 3037 333 3090 perge,
353 3026 378 3074 et
394 3024 557 3085 temetipsum
573 3020 633 3071 huic
643 3018 776 3078 Victimae,
792 3017 843 3067 lleo
859 3016 957 3079 dignm.
969 3017 1091 3078 jungens,
1106 3019 1150 3067 ai·

89 3096 170 3148 hilum
187 3099 263 3146 tuum
284 3092 412 3146 odorlico
430 3104 491 3142 cum
510 3089 554 3142 illo
573 3089 698 3140 donorum
715 3087 781 3137 dono
798 3088 826 3137 ιἰι
848 3101 897 3151 quo
918 3095 977 3137 som
994 3101 1077 3137 omncs
1095 3085 1149 3136 ile

90 3167 176 3226 scusi,
191 3172 235 3216 elo.

117 3235 219 3296 Patere,
231 3231 246 3284 ὀ
257 3233 356 3284 Christe
369 3231 435 3282 Deus
445 3229 525 3280 llomo
537 3231 543 3281 1
556 3232 682 3280 ulmeam
690 3227 816 3277 miserum
826 3237 880 3276 esse
888 3236 1022 3297 meamque
1030 3224 1150 3275 miseram

91 3309 184 3366 sliam,
202 3308 247 3356 tuo
259 3315 313 3354 esse
325 3303 413 3352 divino
424 3303 449 3351 et
464 3300 578 3351 humano
591 3300 760 3360 inaquositas
770 3296 925 3346 theandricae
941 3296 1046 3353 uniens,
1058 3306 1100 3343 me
1110 3297 1150 3343 ie-

92 3387 150 3426 cum
165 3373 270 3424 odoram
281 3373 331 3422 lleo
347 3371 430 3432 Patri,
442 3373 472 3419 ut
481 3367 581 3420 infinita
593 3371 619 3418 ei
630 3367 764 3431 plusquam
777 3365 899 3414 induities
914 3362 1083 3414 inanimales
1099 3366 1150 3414 tua

90 3447 192 3507 merita,
204 3444 290 3496 omnia
300 3445 359 3492 vite
371 3451 434 3490 mea
446 3438 567 3489 demerita
580 3440 698 3502 reparent
707 3473 715 3498 ‚
725 3439 821 3497 tuaque
842 3432 1051 3498 superabundans
1067 3431 1151 3484 abun·

91 3515 175 3566 dauiiu
190 3513 223 3564 sit
234 3514 325 3576 inopie
335 3521 399 3562 mem
413 3508 627 3573 supplementum.

120 3585 223 3644 Patere,
241 3582 257 3633 ὁ
272 3581 371 3634 Christe
382 3568 449 3629 Usus
461 3579 559 3630 ilomol
578 3579 740 3651 peecatorum
756 3571 864 3634 mundi,
882 3573 1003 3632 victims,
1017 3569 1152 3633 ligansque

92 3655 135 3706 osi
147 3657 190 3718 qui
201 3652 268 3704 tollis
280 3653 384 3717 peecata
394 3648 502 3709 muudi,
517 3649 603 3711 patere
617 3649 647 3696 ut
664 3657 726 3707 ego,
746 3646 909 3707 peccalorum
920 3641 1091 3702 miserrimus,
1110 3646 1151 3690 se·

95 3739 151 3778 eum
162 3727 211 3775 sim
220 3726 384 3788 peecatorum
396 3729 512 3771 meorum
524 3717 642 3778 ulcilma,
658 3716 816 3774 morumque
831 3724 916 3765 meam
925 3714 978 3760 tue
990 3712 1066 3760 morti
1076 3722 1151 3762 sanc·

94 3797 194 3846 lissima
212 3795 387 3856 conjungens,
402 3792 537 3852 utramque
552 3782 630 3838 simul
640 3782 749 3861 odoram
758 3781 809 3832 lieo
819 3783 848 3832 iu
857 3782 1020 3865 peecatorum
1034 3791 1150 3833 meorum

94 3865 370 3979 exffifflninfinides
383 3925 589 3980 meruiriatsmr
607 3923 718 3973 moriem
732 3921 834 3979 ammio
849 3921 972 3973 contritus
982 3899 1150 3991 et'poenlteus·
