2575 4459
294 256 467 313 rhiaoux
484 254 707 311 hxaosiaio.
725 254 809 310 CAP.
829 254 867 309 11.
1065 255 1101 309 tr

26 353 170 420 quoniam
186 353 242 409 nisi
252 354 360 411 venerit
375 352 481 409 disces-
532 349 658 411 Quoniam
681 362 733 402 nou
753 350 838 401 reniet
854 347 969 400 christus
983 347 1017 401 ad
1032 347 1104 410 tudi-

26 434 71 485 sio
84 430 232 501 primurn,
502 422 595 539 ffilss
605 421 741 553 ῗῑέῑῆὶέῗξῑδ
758 422 891 483 mugelli
907 420 1032 485 illitulli
1045 418 1104 484 (⁸0-

22 730 26 759 c
62 680 506 740 oucniom,m'sr‘oeccritdr'ccessic
519 686 664 749 primtm„
1155 695 1157 699 ’

59 751 166 802 Astruit
186 754 332 814 veritatem,
346 753 443 805 scillcet
455 756 522 817 quod
542 770 594 807 uon
610 759 697 809 veniet
710 756 765 808 dies
778 755 822 807 ille
835 756 941 819 ludicii,
956 756 1021 819 nula
1032 753 1105 819 prim

28 822 174 882 contigerit
185 822 325 885 apostasia,
336 826 362 871 ci
371 826 518 885 apparuerit
530 825 711 876 Antichristus.

60 890 120 940 Duc
132 892 219 952 itaque
232 891 275 941 dat
290 892 360 953 sigua
371 893 464 954 quihus
481 891 550 957 (non
562 893 654 954 iudicii
669 894 723 945 dies
733 897 902 957 agnoscatur,
916 896 953 945 est
963 894 1033 944 enim
1046 906 1104 944 eru·

29 963 112 1013 nibus
128 972 234 1025 prorsus
243 964 371 1025 incognita
380 976 390 1026 ,
400 963 497 1025 sciiqae
510 962 560 1014 ileo
574 966 632 1016 ueta
642 964 663 1029 );
672 966 717 1017 scd
731 965 825 1029 qulbus
837 967 919 1029 ipsius
929 966 1104 1033 propinquitas

30 1030 105 1081 certo
116 1034 211 1095 peterit
223 1034 335 1095 agnosci.
430 1058 431 1065 κ

62 1102 184 1153 Primum
195 1104 244 1153 erlt
254 1104 388 1166 apostasia.

63 1170 216 1223 Secundum
230 1174 279 1223 erit
291 1174 415 1237 apparItio
431 1171 589 1223 Antichristi.

62 1240 192 1302 Equidem
201 1240 275 1291 dirus
285 1240 492 1303 chrysostomus,
505 1239 722 1305 Theophylactus,
735 1240 906 1292 Theodoreius
916 1243 942 1291 et
952 1239 996 1291 alii
1006 1240 1103 1307 Greci,

30 1308 90 1359 heac
106 1308 159 1360 duo
174 1310 293 1371 redigunt
309 1310 343 1360 ad
362 1324 459 1373 uuum,
477 1311 615 1374 sciuntque
630 1314 716 1375 ipsum
733 1309 915 1362 Antichristnm
938 1310 1104 1363 deiectionem

33 1382 87 1501 <ilici
97 1420 105 1442 ,
116 1384 178 1444 quia
188 1381 282 1433 multos
295 1380 370 1433 iactet
381 1381 487 1439 deiicere
493 1402 502 1446 ς
512 1384 547 1433 ita
561 1387 590 1434 ut
597 1381 800 1433 scandalizentur
811 1382 888 1433 etiam
898 1382 936 1439 ,si
945 1380 1001 1432 heri
1010 1385 1103 1447 potest,

32 1454 119 1502 cccii.
345 1451 348 1457 '

65 1520 117 1571 Sed
129 1522 312 1583 communiter,
329 1524 354 1573 ci
364 1521 445 1586 magis
457 1520 491 1573 ad
505 1520 616 1575 litteram
628 1522 665 1573 ita
682 1520 874 1585 distinguuntur
882 1522 930 1586 ,nt
948 1530 997 1571 nee
1015 1517 1104 1571 eodem

35 1594 154 1652 tempore
168 1590 305 1641 credantur
320 1590 416 1642 lutura.

68 1660 120 1709 Sed
132 1658 216 1721 primh
228 1659 272 1709 det
285 1658 406 1722 deiecti03

66 1729 164 1779 Deinde
173 1728 304 1792 apparebit
314 1728 500 1794 Antichristus,

66 1800 181 1861 Denique
192 1799 307 1849 Christus
317 1798 441 1851 Dominus
455 1803 540 1853 veniet
552 1799 733 1863 adjudicium.

67 1869 199 1929 erantum
219 1872 306 1918 autem
323 1870 444 1931 temporis
461 1869 623 1919 intervalium
644 1865 711 1918 inter
727 1866 783 1918 hme
798 1864 887 1917 debeat
905 1866 1036 1932 intercipi,
1050 1879 1106 1920 non

35 1940 111 1988 docet
131 1934 278 2000 Apostolum
297 1936 342 1987 sed
357 1936 405 1987 hac
423 1939 531 1999 omisso,
547 1940 683 1999 tacitisque
704 1937 772 1993 iuter
789 1934 845 1986 haec
863 1934 996 1986 intervalia
1011 1934 1106 1986 iuiuris

36 1990 189 2067 eventibus}
199 2008 251 2069 cult
261 2005 339 2057 simul
349 2004 380 2055 de
393 2006 433 2055 his
444 2004 542 2057 dachus
552 2008 630 2069 siguis
640 2006 716 2067 ,quia
728 2003 838 2066 quadam
847 2003 1002 2054 causalitatis
1012 2017 1105 2055 conca-

36 2079 167 2145 tenatione
183 2080 243 2126 sunt
261 2078 412 2138 conjuncta,
433 2075 492 2126 crim
507 2076 612 2127 deiectio
625 2075 765 2125 adrentum
778 2072 927 2125 Antichristl
939 2077 1085 2139 promoveat
1093 2108 1104 2135 ,

38 2160 87 2198 nce
99 2149 159 2195 aute
171 2156 229 2195 eam
240 2148 364 2196 venturus
373 2146 408 2197 sit
420 2144 600 2196 Antichristus.

68 2235 224 2289 Discursrrrc
239 2244 436 2285 arcanarum.-
444 2233 502 2299 llr'ci
510 2233 606 2283 emerit
615 2231 740 2283 dr'ccescs'o.
751 2228 796 2280 Gr.
809 2228 950 2293 Apostesia.

70 2304 136 2365 Quid
144 2304 177 2353 sit
185 2302 239 2353 haec
250 2302 386 2363 discessio,
398 2314 442 2352 scu
456 2300 561 2351 delectio
573 2314 633 2362 ,seu
649 2300 792 2363 apostasia,
804 2310 857 2349 uon
872 2296 979 2363 explieat
992 2298 1103 2363 Paulus,

39 2378 97 2437 quie
110 2384 219 2436 praescus
230 2372 383 2435 explicuerat
392 2369 673 2431 Thessalonicensibus,
686 2372 714 2419 ut
725 2372 794 2432 patet
805 2380 835 2418 ex
845 2380 873 2419 n.
882 2370 929 2418 iet
939 2372 965 2422 6.

70 2446 102 2494 Et
111 2446 172 2507 quia
188 2444 288 2507 scriptis
301 2454 353 2493 nou
365 2441 472 2506 explieat
482 2478 490 2502 ,
502 2454 575 2493 meus
587 2442 668 2505 ipsius
686 2440 714 2489 ira
724 2439 766 2489 his
781 2442 807 2488 et
818 2438 981 2501 sequentihus
991 2440 1105 2510 versibus

39 2516 112 2565 vaide
122 2512 237 2579 perplexa
255 2516 309 2575 esi,
321 2515 347 2562 et
357 2512 429 2563 nohis
445 2512 567 2574 obscura,
583 2521 640 2573 qun
660 2506 925 2559 Thessalonicensibus
941 2512 996 2558 crat
1015 2508 1104 2559 claris-

40 2590 121 2643 sima,
136 2596 192 2633 eam
207 2582 332 2643 conjicere
349 2578 427 2641 licei,
443 2592 496 2629 non
512 2581 577 2629 scire
588 2599 596 2631 r
608 2580 666 2642 quis
681 2579 751 2627 enim
767 2575 860 2627 audeat
875 2576 970 2626 claram
983 2578 1031 2627 sthi
1046 2588 1104 2641 pro-

40 2656 141 2702 mittere
157 2650 366 2713 iatehigeutism,
387 2650 430 2701 uhi
446 2649 520 2700 diram
533 2648 690 2711 Augustinus
709 2658 783 2696 suam
804 2644 897 2695 latetur
911 2648 1104 2707 ignorantiam?

41 2728 94 2784 Epo
109 2735 214 2785 prorem
224 2723 287 2785 quid
303 2720 394 2773 dicerit
404 2720 485 2786 {creor
497 2734 537 2771 cre
549 2722 677 2783 irascere.
688 2717 719 2769 ll.
730 2717 903 2781 Augustinus,
915 2714 947 2768 de
957 2718 1028 2767 cirit.
1044 2718 1103 2779 liei,

40 2794 263 2855 ffimwm
779 2809 788 2817 ·

71 2861 254 2923 Tertullianus,
264 2860 293 2913 a.
308 2862 435 2923 lreaeaus,
450 2864 476 2911 ei
486 2863 542 2925 post
558 2862 625 2925 ipsos
636 2872 725 2910 omues
738 2860 909 2911 communiter
922 2860 1037 2921 antiqui,
1047 2860 1105 2923 opi-

41 2935 95 2984 nati
107 2936 167 2982 sunt
180 2931 233 2983 iore
250 2932 429 2993 deiectionem,
442 2944 486 2982 seu
499 2930 676 2983 discessionem
687 2930 720 2981 ah
730 2931 838 2993 imperio
855 2930 1044 2992 homanorum,
1061 2933 1104 2981 cui

41 3013 110 3058 totus
121 3004 232 3055 mundus
244 3009 297 3057 erat
308 3007 372 3055 tunc
383 3002 508 3057 subditus.

72 3074 120 3125 Sed
136 3074 195 3125 crim
208 3073 345 3139 temporale
360 3074 533 3125 Romanorum
544 3074 680 3135 imperium
690 3070 705 3121 A
714 3070 789 3133 longo
802 3072 857 3132 iam
867 3073 980 3133 tempore
990 3070 1024 3119 sit
1034 3081 1105 3121 crer-

41 3158 100 3194 sum
110 3182 117 3205 ,
128 3156 175 3193 aec
188 3146 274 3192 tamen
285 3144 429 3207 apparuerit
440 3140 627 3199 Antichristus,
640 3138 695 3203 ipsa
707 3143 778 3202 patet
794 3138 946 3202 experientia
962 3138 988 3189 id
999 3138 1105 3189 detem-

40 3214 120 3278 poraii
128 3212 177 3263 hoc
192 3214 298 3275 imperio
310 3211 415 3273 intelligi
431 3222 482 3260 nou
493 3208 592 3259 dehere.

73 3284 109 3334 ile
123 3294 173 3343 quo
184 3283 288 3343 itaque?

72 3355 107 3405 ile
117 3352 255 3403 deiectione
265 3353 280 3402 h
290 3350 414 3416 spirltuaii
424 3350 598 3401 Romanorum
607 3350 725 3413 imperio,
736 3363 782 3400 seu
797 3349 829 3400 ds
844 3346 984 3400 deiectione
994 3347 1105 3411 generali

39 3425 53 3473 t
70 3422 119 3473 tide
133 3420 255 3473 catholice
264 3434 376 3472 romana
384 3419 513 3471 ilcciestaa.
524 3420 561 3469 iia
576 3418 605 3469 1).
616 3418 772 3478 Thomas,et
782 3417 827 3468 aiii
839 3421 1017 3469 communiter.

70 3491 224 3550 Dicendum,
238 3492 323 3552 iuquit
335 3490 365 3541 h.
384 3488 508 3548 Thomas,
522 3488 590 3550 quud
601 3488 717 3538 nondum
735 3489 843 3539 ecssarh
852 3487 862 3551 (
870 3487 1043 3538 Romanorum
1056 3488 1107 3539 hn-

44 3559 173 3625 perium),
183 3560 227 3610 sed
238 3564 276 3609 est
285 3562 471 3610 commutatum
483 3557 515 3607 de
528 3558 661 3621 temporali
672 3559 699 3607 in
711 3555 857 3620 spiritualer
868 3560 894 3606 et
902 3557 958 3607 ideo
968 3555 1107 3608 dicendum

45 3630 111 3693 quod
127 3630 245 3680 discessio
263 3630 278 3679 A
295 3640 402 3679 romano
416 3628 524 3689 imperio
541 3626 616 3676 dehet
633 3625 754 3687 intelligi,
765 3638 818 3677 non
832 3625 917 3677 scihm
931 3625 1106 3689 tsempcrsir,

48 3700 92 3748 sed
105 3699 119 3747 t
130 3696 270 3761 spirituah3
287 3697 401 3757 scilicet,
415 3694 490 3745 tilde
501 3694 625 3745 catholica
637 3707 750 3747 manaan
762 3694 889 3745 Emlesin.

75 3768 106 3816 itt
116 3767 164 3817 iace
177 3770 216 3817 eat
226 3767 383 3817 couveniens
394 3766 497 3827 mgnum
514 3763 581 3825 quod
592 3802 600 3825 ,
611 3765 679 3814 sicut
689 3764 804 3814 Christus
818 3766 890 3815 venit
904 3762 1007 3827 quaudo
1020 3774 1108 3813 rama·

48 3851 108 3887 uum
120 3838 256 3900 imperium
266 3835 384 3885 omnihus
395 3832 592 3895 dominabatur,
604 3831 683 3893 ita,e
700 3843 833 3895 converso,
845 3834 947 3896 signum
959 3831 1108 3883 Antichristi

49 3910 85 3956 est
98 3904 474 3957 dhcmsioahco.li.i'homas.
1017 3948 1021 3954 .

80 3976 190 4040 Suspicio
205 3978 246 4027 est
265 3978 291 4027 et
313 3976 399 4038 apiario
421 3974 576 4035 maiorm
590 3982 645 4025 aaa
669 3968 783 4024 maniae
802 3970 918 4025 Petram
938 3970 1043 4064 Falcone
1061 3968 1106 4023 sed
