2575 4459
167 179 225 236 sie
419 199 431 246 .·
461 168 948 232 anissonaionseneos

185 233 232 326 'nr
241 273 269 324 lii
280 283 369 323 ornnes
378 307 385 330 ,
393 267 454 320 lieet
467 267 499 318 ob
510 270 564 317 tem
575 265 696 330 preclare
703 269 772 327 gesta
830 273 876 324 ze,
887 273 920 323 Ει
927 269 959 322 ht
970 281 1076 322 omnes
1087 265 1236 322 testimonie

168 351 196 398 si
209 348 263 394 mm
279 337 406 390 horrenda
425 337 457 387 oli
471 334 548 385 iidem
560 335 668 385 tolerata
685 334 773 384 divino
795 347 862 401 fidei
882 347 1014 413 probast,
1042 359 1106 398 110„
1132 359 1235 410 mys.

170 410 314 463 testimonio
336 409 389 457 sint
415 408 444 455 ln
465 405 602 467 Sortptnrls
622 402 773 466 approbati,
795 430 861 479 run,
874 424 1150 493 repromissionem

168 487 231 532 tnnc
241 483 329 528 tamen
339 475 462 537 temporis
477 485 531 522 non
545 474 697 534 receperunt
713 483 774 534 pro·

170 553 273 600 missam
286 547 386 609 pietatis
401 556 454 592 sun
466 541 632 593 mercedeme

184 607 267 678 Μ,
282 629 328 682 per
344 611 499 674 singularem
515 614 542 661 ln
554 623 601 661 nos
616 611 772 672 honimtern,
830 621 876 670 40,
889 616 949 671 Deo
969 629 1025 682 pro
1047 615 1138 669 nobi,
1152 619 1238 669 melin,

171 683 432 750 improvidentem
451 679 479 728 hl
496 680 654 740 antiquiores
675 680 773 738 sancti,
795 693 902 760 aequm
924 692 1120 760 providente,
1137 700 1168 746 ω
1191 710 1238 744 „0ss

170 771 222 809 non
233 759 292 806 ante
301 757 417 815 ternpore
426 752 515 800 nostre
524 749 575 824 nee
587 747 735 798 fruerentur
745 750 774 798 ln
797 774 859 829 sine
868 771 953 829 nobi„
966 779 1238 826 consummaremur·

170 827 255 887 coelis,
268 827 294 874 et
309 835 362 873 non
372 823 428 870 sine
440 819 514 869 nobis
529 820 773 868 consummatarum
1088 837 1097 850 ·

170 895 356 947 rmunecneno
373 891 534 952 monentem
558 883 667 954 glorisso
683 896 773 938 coom-

171 965 319 1030 querentur·

203 1139 243 1190 39.
253 1137 284 1190 ti
298 1133 327 1186 ii
335 1147 418 1187 omnes
432 1131 569 1185 testimonio
582 1129 643 1194 fidei
653 1129 766 1192 meleti.
780 1127 824 1178 Gr.
835 1127 981 1177 testimonio
993 1125 1100 1191 probati
1108 1137 1158 1191 pm
1168 1127 1239 1177 idem.

172 1207 228 1271 Syr.
241 1206 273 1256 de
283 1205 376 1268 quibus
384 1205 465 1254 extitit
475 1201 652 1252 testimonium
664 1199 748 1261 quoad
758 1198 835 1249 fldem
848 1209 947 1247 eornm.

202 1277 231 1336 id
241 1279 293 1338 ost,
305 1281 328 1324 et
341 1274 369 1324 iii
382 1285 465 1324 ornnes
478 1272 509 1322 de
520 1269 648 1332 quieusiu
656 1269 766 1318 michee
771 1269 872 1334 eapite,
881 1269 941 1326 etsi,
950 1266 984 1317 oli
995 1266 1081 1318 tidem
1091 1273 1240 1320 serratam:

172 1349 375 1414 propagantem,
389 1344 477 1396 divino
494 1341 640 1392 testimonio
654 1340 683 1389 in
693 1339 831 1400 scripturis
844 1335 939 1388 luerint
951 1338 1092 1400 approbati
1104 1343 1133 1390 et
1143 1340 1240 1391 laudari.

203 1423 261 1473 Non
274 1425 422 1483 occeperunt
434 1413 672 1480 repromissionem,
691 1412 718 1461 ld
729 1417 767 1462 est
777 1449 784 1472 ,
794 1414 858 1472 tunc
872 1413 960 1462 temen
970 1414 1119 1478 temporis,
1135 1427 1182 1464 sea
1200 1421 1239 1463 teti

171 1493 264 1542 veteris
274 1491 428 1540 Testamenti
443 1490 632 1550 temperemur
645 1485 796 1548 receperunt
808 1482 875 1536 hona
890 1482 1037 1549 promissa,
1053 1483 1188 1536 coelestem
1202 1499 1241 1532 sa

173 1561 232 1613 licet
244 1559 427 1613 nereditatem.

202 1643 242 1693 io.
254 1643 305 1692 ileo
317 1655 366 1705 pro
376 1639 451 1696 nobis
467 1641 570 1704 aliquio
579 1639 671 1692 melier
682 1637 840 1703 procidente,
850 1636 919 1697 lieo,
931 1635 980 1698 per
990 1635 1158 1698 singularem
1169 1639 1195 1687 in
1207 1651 1242 1686 uus

172 1713 325 1773 bonimtem,
336 1709 485 1774 providente
503 1714 531 1759 ut
547 1723 627 1772 usque
642 1711 677 1761 nd
685 1716 799 1772 tempora
815 1710 917 1766 nostra,
930 1707 1060 1756 niernum
1073 1719 1160 1771 usque
1171 1709 1200 1757 ad
1210 1723 1243 1757 as-

172 1785 318 1834 censionem
331 1780 424 1832 christi
435 1817 443 1840 ,
454 1780 553 1829 nemini
564 1783 711 1830 sanctornm
720 1780 817 1842 pateret
826 1776 912 1826 aditus
923 1774 1061 1826 coelorarn.

176 1913 179 1922 ,
204 1859 235 1909 lli
245 1871 296 1908 ooo
309 1857 363 1908 sine
375 1854 449 1905 nobis
470 1859 719 1911 consummerentur,
734 1853 827 1914 idest,
839 1854 1008 1901 uinonante
1018 1853 1087 1901 novi
1098 1853 1244 1904 Testamenti

171 1935 272 1992 tempus
282 1965 289 1988 ,
301 1925 370 1989 qnod
380 1927 496 1976 nostrum
507 1927 559 1984 est,
571 1925 794 1981 consummatum,
808 1923 1026 1982 consequerentur
1041 1919 1244 1979 beatitudinem

172 1995 468 2058 animequidenr,snem
475 1993 673 2044 consecutisuni
679 1992 856 2054 persisterem
863 1987 1245 2050 llei,quiiruuniurabasceu-

172 2063 480 2126 eiomcirisiecorperie
486 2061 560 2122 vero,
570 2061 622 2122 qui
629 2059 747 2110 fruentur
754 2058 888 2107 nobiscum
896 2058 924 2106 in
931 2059 1128 2108 resurrectione
1135 2061 1243 2122 generati.

202 2137 289 2198 lienus
306 2137 425 2186 neonem
436 2133 491 2182 sine
506 2131 593 2190 mois,
603 2131 630 2182 id
642 2133 681 2180 est
691 2166 699 2190 ,
709 2129 770 2178 ante
785 2132 900 2192 ternpore
911 2130 1017 2187 nostra,
1028 2129 1167 2192 recipiunt
1177 2130 1245 2178 beati·

172 2205 298 2256 tudinem.

202 2273 324 2324 Feliciora
334 2275 419 2335 itaque
428 2275 543 2336 tempera
554 2273 650 2322 nostra.
662 2270 773 2333 Tempus
784 2269 877 2319 veteris
885 2267 1041 2318 Testamenti
1056 2268 1113 2320 init
1121 2269 1215 2321 laboris
1226 2275 1245 2319 et

174 2343 381 2408 empsotetlonis3
392 2345 493 2403 tempus
504 2345 622 2392 nostrum
635 2345 674 2390 est
683 2339 865 2402 praemissionis
878 2341 904 2386 et
914 2336 1057 2388 fruitionis.

202 2409 252 2458 Nos
270 2420 329 2470 ergo
348 2407 442 2472 pudeat
462 2409 484 2458 si
502 2408 595 2472 pusillo
610 2409 693 2467 simus
708 2408 795 2458 animo
805 2442 813 2466 ,
825 2405 969 2455 mercedem
979 2407 1091 2466 jamjam
1109 2413 1244 2472 recepturi.

173 2477 234 2528 crim
250 2489 339 2528 omnes
351 2479 507 2540 antiquiores
527 2479 625 2538 mucii,
635 2477 708 2528 te'ntc
724 2475 792 2527 mala
803 2478 829 2525 ei
839 2478 895 2524 tam
912 2471 1009 2524 fortiter
1021 2477 1093 2538 passi
1107 2479 1181 2539 slat,
1198 2480 1246 2528 licei

172 2547 216 2596 diu
229 2547 363 2610 premium
374 2547 551 2610 exspectaturi.
608 2607 610 2610 Ι

175 2659 346 2712 Ooroiteriom
356 2659 472 2724 motis,
481 2673 525 2712 seu
534 2662 563 2710 ic
574 2661 620 2712 lec
633 2662 716 2725 copiis
729 2635 768 2722 ii,
780 2660 816 2710 cd
828 2659 947 2724 momen
960 2658 1073 2708 momine
1085 2665 1218 2722 colende,
1230 2671 1246 2713 ri

536 2731 571 2781 od
583 2732 687 2794 prosim
699 2731 847 2792 redissetis.
999 2741 1003 2751 “

204 2845 278 2897 Circe
298 2847 382 2911 iidem.
394 2870 426 2883 -
441 2843 525 2896 Primo
535 2881 543 2905 ,
555 2843 699 2906 nomadum
716 2842 797 2906 quim
815 2843 957 2897 coementis
973 2844 1024 2902 sit,
1037 2843 1246 2908 quandoquidem

172 2917 228 2968 sine
238 2915 287 2966 ilde
298 2927 430 2976 nunquam
444 2913 512 2964 salus
523 2913 589 2964 lecta
605 2917 655 2964 est.

201 2985 239 3034 ii
259 2985 331 3034 initio
343 2985 434 3034 mundi
449 2985 593 3046 quicunque
605 2983 656 3033 Deo
672 2980 841 3044 piae-nerant.
857 2993 903 3043 per
923 2979 999 3030 iidem
1017 2979 1180 3042 placuerunt
1190 3007 1197 3045 ;
1209 2999 1245 3047 pu

171 3050 248 3103 iidem
266 3052 363 3103 scilicet
375 3054 402 3102 in
415 3053 510 3112 Deum,
524 3064 569 3102 seu
582 3053 633 3114 qut
650 3051 694 3102 ilci
706 3051 782 3101 dictis
794 3050 957 3101 crediderunt
970 3055 996 3100 et
1010 3049 1179 3103 confiderunt
1197 3075 1202 3103 :
1216 3060 1243 3103 ito

172 3127 201 3174 ui
210 3125 264 3173 sine
275 3123 324 3185 fide
338 3123 494 3192 impossibiie
506 3123 540 3172 sit
549 3121 650 3186 placere
661 3123 729 3181 Deo,
740 3135 768 3170 n.
783 3125 808 3170 6.
901 3163 906 3170 ,
963 3163 970 3174 ,

201 3191 265 3241 ltine
276 3191 356 3250 tides,
369 3193 473 3240 initium
485 3194 606 3240 creature
617 3191 662 3240 liei
669 3211 677 3251 ;
686 3189 759 3240 radis
770 3188 969 3250 salutemque
983 3189 1097 3237 nascitur
1108 3191 1212 3249 institia
1223 3199 1243 3241 ct

171 3262 292 3311 sanctitas
303 3297 310 3321 ,
321 3259 373 3321 qui
385 3259 435 3309 ileo
449 3259 596 3321 placemus,
610 3261 635 3309 et
646 3262 689 3308 cni
701 3260 825 3321 promisse
836 3262 875 3306 est
885 3257 954 3306 salus
964 3262 1069 3308 telerna.

201 3329 300 3390 Quanta
314 3329 398 3389 itaque
415 3326 488 3376 debet
504 3339 557 3376 esse
572 3331 660 3376 nostra
672 3325 816 3376 sollicitudo
829 3325 862 3374 de
877 3325 942 3374 ilde!
954 3325 1032 3387 quim
1056 3325 1205 3388 frequenter
1220 3334 1243 3379 ei

170 3402 247 3461 quim
262 3398 378 3448 ardenter
393 3395 534 3447 orandumz
547 3396 670 3454 Domine,
681 3397 714 3445 da
727 3395 820 3452 tidem,
836 3394 933 3456 treuge
943 3395 1036 3444 tidemi

201 3468 326 3528 mentido,
335 3467 475 3518 nomndum
487 3467 565 3527 oudin
576 3469 719 3516 emissaria
729 3467 763 3515 sit
775 3465 1078 3527 Christiano,prscseriim
1090 3466 1118 3515 in
1128 3465 1241 3517 afflictio

171 3539 262 3600 nibus,
273 3542 302 3588 ut
312 3539 455 3588 constanter
468 3537 580 3598 patiatur
593 3537 618 3584 et
628 3548 690 3586 cunr
705 3537 806 3585 merito.

202 3607 342 3658 Recordare
353 3610 415 3656 tnnc
437 3607 542 3667 egregie
562 3604 641 3664 huius
654 3605 851 3667 descriptionis,
869 3616 947 3665 quem
966 3601 996 3651 ll.
1016 3600 1112 3660 Palline
1133 3603 1239 3656 Hebrus

172 3679 273 3746 stilletis
283 3677 401 3740 exhibet,
413 3677 443 3741 nt
455 3687 499 3726 eos
513 3673 626 3734 soletur,
640 3675 740 3724 roboret
750 3681 776 3724 ot
788 3674 820 3742 ad
834 3673 1046 3736 perseverantiam
1056 3672 1166 3721 animet.

198 3753 275 3802 l’idee
292 3756 328 3800 ert
345 3748 702 3812 spmooderemsubsieotic,
715 3748 871 3810 hypostasis,
887 3746 1048 3803 subsistentia
1066 3747 1093 3792 et
1111 3747 1238 3799 existentia

173 3831 260 3871 mem
272 3813 663 3886 imiempdomsuisiacoem
679 3822 705 3864 ei
721 3817 881 3864 existentiam
899 3813 975 3862 rebus
986 3813 1111 3874 speratis,
1127 3812 1189 3864 iacit
1200 3830 1238 3869 ees

176 3884 243 3932 sere
258 3884 283 3928 et
296 3880 437 3930 subsistere.
523 3893 526 3896 ·
964 3896 972 3913 ·

284 3957 319 3986 ’‘rt
331 3975 336 3984 .
