2575 4459
182 267 239 327 ΒΟ
608 266 822 329 beselmo.

184 372 399 455 temporibus,
413 371 447 439 in
461 388 520 439 sua
531 370 574 439 ad
590 376 663 439 cor.
675 375 781 457 epist,
800 372 934 439 Eusebio
954 374 1060 452 teste,
1075 368 1154 435 bist.
1168 366 1246 446 emi,

185 478 239 543 iib.
254 483 286 558 3,
297 495 366 563 cap.
380 483 432 544 38.

223 583 374 666 Praeeipui
392 586 500 667 patres
515 584 619 665 latini,
636 584 704 651 sire
720 585 794 650 diuo
813 585 1007 664 Hieronymo
1023 580 1166 663 priores,
1181 581 1248 641 ilia«

185 690 271 770 rius,
286 693 437 772 Optatus,
452 690 656 771 Ambrosius,
671 690 738 757 sive
753 686 922 766 coetanei,
938 691 976 750 ut
993 686 1092 751 divus
1113 685 1249 765 Augusti·

186 816 264 878 nus3
284 797 352 863 siue
362 795 575 882 posteriores,
589 812 662 861 eam
674 798 712 859 ut
729 792 913 861 eanonicam
933 796 967 857 et
979 792 1151 857 Paulinam
1163 808 1250 871 agno

188 906 310 968 uerunt.

225 1002 293 1069 lmd
308 1008 341 1071 et
355 1006 424 1088 ipse
433 1006 525 1071 divus
539 1006 770 1087 Hieronymus,
786 1006 923 1088 Epistola
933 1004 975 1068 ad
988 1004 1187 1068 Dardanum.
1202 1006 1252 1064 ltus

186 1115 353 1192 utramque
365 1111 552 1193 suscipimus
566 1112 757 1193 (Epistulam
769 1111 888 1176 seilicet
903 1110 945 1173 ad
960 1110 1119 1173 liebraeos
1137 1113 1171 1173 et
1188 1112 1253 1187 ipo

186 1218 340 1299 ealypsim
360 1217 527 1298 Joarmis),
543 1235 742 1299 nequaquam
765 1218 860 1297 hujus
882 1216 1036 1297 temporis
1055 1214 1254 1279 consuetudi

186 1341 281 1404 nem,
296 1323 354 1390 sed
366 1328 511 1390 ueterum
524 1323 715 1405 scriptorum
728 1321 949 1386 auctoritatem
966 1324 1158 1401 sequentes.

228 1435 277 1495 Ex
296 1430 524 1512 antiquioribus
545 1428 665 1492 Latinis
687 1427 798 1508 excipe
829 1427 1072 1505 Tertullianum,
1097 1428 1159 1509 qni
1185 1430 1253 1491 bane

191 1538 363 1618 Epistulam
385 1536 527 1600 attribuit
546 1539 587 1599 b.
614 1534 784 1615 Bamabm3
801 1537 836 1599 b.
866 1533 1075 1615 cyprianum,
1105 1535 1167 1615 qui
1195 1553 1255 1599 ean

189 1642 299 1705 nullibi
311 1641 388 1704 oitat
405 1641 440 1704 in
452 1641 604 1723 Operibus
622 1639 700 1707 suis.
1069 1691 1087 1727 .-

229 1746 346 1827 llncipe
360 1749 394 1811 et
406 1745 533 1827 Guium,
548 1746 695 1811 Euolesiae
704 1762 843 1811 romane
852 1745 1095 1829 presbyterum,
1108 1747 1170 1827 qui
1179 1748 1255 1810 initio

191 1852 275 1917 tertii
284 1851 396 1933 seculi,
413 1854 473 1917 sub
485 1853 661 1935 zephyrino
677 1870 758 1935 papa
769 1851 894 1917 vivebat
907 1875 916 1932 3
931 1854 965 1915 et
980 1868 1079 1931 quem
1089 1854 1253 1927 Eusebius,

191 1961 266 2024 bist.
281 1960 372 2038 euol,
393 1958 448 2021 lib.
471 1962 502 2038 3,
519 1976 589 2039 oap.
609 1963 648 2037 3,
669 1958 794 2023 videtur
817 1956 935 2021 sentire
949 1956 1090 2037 primum
1111 1959 1214 2021 fuisse
1232 1959 1256 2021 in

191 2066 327 2130 Euolesia
338 2082 486 2145 romena,
498 2063 552 2144 qui
568 2063 609 2127 de
621 2063 717 2143 nujus
730 2062 877 2144 Epistolae
891 2061 1080 2127 auctoritate
1093 2063 1254 2127 dubitarit.

230 2170 412 2236 Novissimis
429 2168 624 2249 temporibus
649 2168 818 2247 caietanus
835 2170 1018 2245 Erasmum,
1033 2171 1071 2229 ut
1090 2170 1196 2249 solet,
1216 2188 1257 2232 so

191 2274 439 2354 cutus,dubiam
452 2273 547 2353 hujus
565 2272 712 2354 Epistolae
736 2274 957 2337 auctoritatem
967 2272 1121 2338 reddidit.

176 2464 180 2470 ,
230 2382 271 2441 st
290 2376 385 2457 sane,
400 2376 433 2440 id
444 2376 542 2443 modd
554 2378 624 2442 sine
637 2378 816 2441 temeritate
835 2378 903 2441 fieri
918 2381 988 2442 non'
997 2381 1130 2459 potest,
1146 2399 1192 2445 ex
1204 2396 1256 2461 qno

190 2483 321 2548 eoncilia
342 2484 462 2564 muita,
479 2482 654 2564 presertim
671 2480 748 2547 verd
771 2484 1008 2564 Tridentinum',
1029 2486 1118 2549 hane
1139 2488 1257 2567 Episto

190 2590 254 2653 lem
266 2589 300 2652 in
319 2589 547 2672 seripturarum
561 2589 706 2671 catalogo
719 2590 846 2679 esteris
863 2588 926 2653 divi
938 2590 1024 2653 Pauli
1037 2590 1193 2671 Epistolis
1211 2612 1256 2671 ag·

191 2696 334 2778 gregavit
348 2699 404 2760 :et
418 2694 545 2759 aliunde
557 2695 643 2758 nulla
656 2695 698 2759 sit
712 2694 813 2759 solida
831 2694 994 2758 dubitandi
1011 2696 1108 2761 ratio.

229 2800 332 2865 Prima
351 2799 451 2881 enim,
471 2816 541 2881 qum
561 2817 605 2863 ex
626 2799 808 2865 diversitate
828 2800 903 2881 styli
920 2800 1054 2882 petitur,
1074 2802 1168 2867 nulla
1191 2804 1254 2877 est,

191 2908 265 2991 qrria
284 2907 345 2972 diui
365 2909 491 2989 potest,
506 2906 558 2970 uel
571 2922 645 2969 eum
667 2906 924 2992 Theophylaoto,
941 2903 1027 2985 qudd
1039 2906 1112 2969 haee
1126 2909 1256 2989 Epistola

192 3016 307 3097 scripta
322 3014 364 3079 sit
376 3011 522 3079 hebreice
539 3010 645 3077 ddivu
661 3012 775 3092 Paulo,
792 3015 825 3076 et
838 3012 877 3076 ab
895 3012 1067 3094 interprete
1081 3015 1190 3093 perito
1203 3019 1257 3077 tra·

194 3120 290 3184 dueta
306 3118 426 3199 grece,
437 3118 505 3184 siue
517 3118 612 3182 fuerit
628 3110 757 3181 sanctus
770 3121 890 3198 Lucas,
905 3118 973 3183 sive
985 3117 1082 3199 alius,

229 3225 284 3289 Vel
296 3239 371 3286 oum
389 3223 544 3303 Origene,
558 3219 643 3304 quod
665 3222 822 3303 cogitatus
836 3222 964 3303 quidem
988 3222 1052 3285 sint
1072 3222 1142 3289 divi
1154 3226 1253 3301 Pauli,

191 3330 288 3395 dictio
305 3325 382 3395 uerd
400 3328 531 3408 eliouJ'us
555 3344 598 3393 ex
620 3330 690 3408 ejus
709 3325 871 3409 discipulis
891 3327 947 3408 qui
965 3326 1026 3391 fuit
1039 3328 1143 3408 ipsius
1164 3333 1253 3395 scriba

192 3441 225 3503 et
237 3438 403 3517 interpres.
694 3434 702 3445 '
925 3513 931 3520 ὓ

174 3533 181 3539 ’
231 3544 337 3605 Altera
349 3540 430 3603 ratio
453 3539 554 3620 petita
571 3553 614 3601 ex
636 3536 858 3619 suppressione
877 3553 942 3602 non
960 3536 1053 3603 minis
1076 3538 1251 3617 divimus,

191 3646 288 3711 etiam
305 3646 392 3710 nulla
415 3646 467 3707 est
486 3666 494 3706 ε
510 3642 545 3706 id
560 3642 646 3708 enim
665 3634 760 3721 iecit,
782 3643 855 3724 quie
872 3642 959 3707 Pauli
980 3658 1100 3707 nomen
1121 3650 1194 3709 erat
1209 3650 1253 3708 Ju-

191 3742 463 3828 desinianum,
483 3751 517 3810 et
537 3746 683 3825 aliunde,
704 3739 799 3810 ut'ait
812 3748 1049 3827 Theodoretus,
1069 3751 1250 3827 Gentilium,

192 3866 259 3913 non
288 3849 483 3927 iudeorum,
500 3850 693 3914 eonstitutus
722 3852 791 3913 erat
809 3853 977 3933 Apostolus
994 3874 1002 3915 :
1020 3851 1094 3917 ideo
1117 3851 1253 3939 apostoli-

196 3963 270 4017 cum
284 3962 402 4011 nomen
413 3965 478 4013 uon
492 3950 581 4033 punit
596 3947 649 4018 bic
666 3951 699 4023 in
715 3954 879 4037 prooemio.
