2575 4459
182 354 394 407 lindemvctnr
406 356 597 407 Testamentum
608 354 751 407 dedicatum
808 354 942 409 iuliade
952 368 1012 409 uec
1030 354 1171 422 primum
1180 350 1233 419 nui-

153 427 528 488 armamentarium.
774 434 1234 503 demsuesanguineaedicuun

183 590 288 641 Namut
305 590 385 641 Exodi
404 589 570 653 itlegimus,
583 588 646 639 edm
657 588 753 652 itoyses
774 521 857 646 wie,
878 595 964 645 Lecto
988 592 1078 645 enim
1106 590 1233 649 mandato

153 660 233 709 totam
243 659 323 721 legem
333 662 450 709 universo
464 660 556 723 populo
567 658 681 721 legisset,
695 671 754 707 san·
775 671 845 738 1st
855 670 872 723 p
881 673 976 737 [οἵω
989 670 1143 725 universo
1153 684 1234 735 popu-

153 732 256 789 guinem
272 730 403 807 hircorum
421 732 446 778 ct
463 728 603 811 vitulorum
621 728 673 777 und
693 739 753 776 cum
774 750 811 813 10,
821 749 962 815 ,acipiens
973 747 1233 815 sangninemvitu

96 823 105 836 -
154 798 220 858 equit
237 799 341 846 miscuit
358 798 546 859 incruterc,et
566 797 674 847 intincti
695 796 755 845 lani
774 827 866 878 lorum
899 830 927 877 0,
957 823 1143 887 hircorum,
1178 837 1233 874 cum

154 865 273 914 coccinei
289 868 314 912 et
327 864 435 927 hyssopo
447 902 454 925 ,
464 866 569 927 aspersit
582 868 607 913 ct
618 864 714 913 librum
726 865 754 913 iu

155 945 205 997 qno
218 932 361 999 legerat,et
377 946 479 987 omnem
496 932 573 983 simul
583 932 727 997 populum,
776 917 867 969 a(11¹³,
885 907 914 955 et
935 902 1005 953 lana
1026 902 1192 963 coccinea,
1212 906 1233 951 et

778 980 915 1046 hyssopo,
932 978 1033 1045 ipsum
1056 992 1187 1045 quoquc
1210 976 1235 1027 li·

777 1059 859 1110 hrum
871 1062 898 1109 ct
910 1069 1030 1111 omnem
1042 1058 1235 1124 populumas

777 1136 882 1202 persii,

155 1298 289 1349 hereditas
302 1296 384 1360 legata
401 1295 573 1361 possideatur,
588 1294 770 1346 testamentum
782 1294 853 1342 euim
869 1304 921 1341 uon
936 1290 1006 1341 vaiet
1017 1292 1087 1343 dum
1108 1296 1178 1344 vivit
1188 1298 1232 1343 tes·

156 1371 238 1429 tatcr;
253 1382 297 1419 scu
312 1367 408 1417 nuliius
419 1370 456 1416 est
470 1366 547 1425 usus,
564 1370 593 1413 ut
605 1365 642 1413 ait
655 1363 742 1425 Syrus.

186 1437 375 1495 Testamentum
388 1436 403 1485 i
418 1434 575 1497 Quintiliano
588 1432 726 1483 definitur:
744 1431 866 1497 Voluuiat
878 1428 1009 1492 dduuctl,
1021 1435 1051 1483 et
1062 1437 1094 1484 ut
1106 1432 1157 1484 iit.
1170 1437 1193 1485 t.
1205 1434 1233 1484 de

156 1504 249 1556 hereti.
263 1505 357 1554 dictiur
369 1524 377 1554 ι
388 1504 499 1554 Viventis
511 1502 581 1553 nulia
592 1506 630 1551 est
640 1500 782 1551 heredites.
1045 1507 1049 1513 '

189 1591 226 1639 tu.
242 1588 307 1637 liade
318 1601 361 1637 nec
371 1589 486 1651 primum
497 1587 627 1649 quidem...

186 1656 356 1707 continetur
372 1659 436 1706 ratio
450 1656 594 1720 precedens
606 1666 637 1705 ex
655 1667 686 1705 eo
702 1653 770 1716 dudd
782 1653 971 1713 Testamentum
984 1657 1081 1724 vetus,
1093 1656 1168 1718 quod
1183 1659 1232 1704 erat

155 1726 232 1787 ligura
245 1728 314 1785 novi,
326 1726 375 1775 iuit
386 1727 462 1774 etiarn
474 1728 596 1793 sanguiue
607 1723 761 1781 dedicatum,
772 1738 832 1774 cum
843 1724 891 1772 hoc
902 1722 1056 1785 discrimine
1066 1726 1157 1786 ,quud
1169 1728 1232 1774 sicut

155 1798 270 1859 typicum
284 1799 337 1845 crat
352 1796 555 1853 Testamentum,
574 1808 619 1843 εει]
638 1797 715 1855 typus
731 1796 807 1853 novi;
824 1792 986 1853 ita-typicam
1004 1792 1101 1854 hahuit
1122 1801 1229 1843 moriem

155 1868 295 1926 testatoris,
308 1865 420 1927 scilicet,
433 1866 583 1928 sanguinem
596 1866 760 1915 victimarum
770 1900 778 1932 ,
788 1874 845 1927 quae
855 1861 948 1923 Christi
959 1866 1119 1937 sanguinem
1128 1870 1157 1915 ei
1167 1878 1230 1914 mor-

156 1941 208 1986 tem
221 1936 423 2000 representabat.

190 2023 218 2071 19
234 2024 260 2069 et
274 2022 315 2071 20.
332 2022 401 2069 tecto
415 2018 562 2069 enimenim·
572 2016 691 2068 mandato
705 2015 775 2078 iere.

187 2089 239 2140 Hoc
254 2088 350 2139 iactum
362 2088 469 2139 hahetur
485 2086 563 2137 Erod.
577 2089 615 2137 ii.
627 2090 642 2143 7
658 2090 729 2136 etti:
745 2085 793 2135 liic
807 2086 894 2143 tamen
904 2083 986 2145 muita
998 2085 1028 2149 p,
1043 2084 1145 2144 Paulus
1160 2088 1228 2139 addit

155 2172 211 2219 quac
226 2173 278 2210 ucu
297 2158 423 2209 hubeutur
438 2158 466 2207 lu
479 2156 535 2207 loco
556 2158 652 2212 citato.
669 2154 713 2205 sed
729 2166 785 2220 quae
801 2166 832 2205 ex
845 2153 903 2211 aliis
919 2154 982 2214 iocis
995 2154 1153 2223 desumpsit.
1168 2158 1227 2207 Vide
1278 2165 1280 2172 ·

70 2278 71 2281 ,
155 2228 339 2293 paraphrasim.

186 2310 262 2359 Nora
280 2321 436 2359 ειιιειιιιιιε
451 2322 484 2359 ε]
498 2308 765 2361 poeninen-riou
779 2306 881 2370 primo,
898 2306 968 2371 qnod
985 2310 1099 2381 aspersio
1112 2308 1130 2366 a
1142 2310 1227 2372 ilcyse

158 2379 238 2439 lacta,
250 2378 329 2438 ligura
345 2378 393 2427 iuit
406 2381 557 2441 aspersionis
570 2382 697 2429 interioris
710 2392 754 2442 per
767 2379 859 2429 Christi
874 2380 1024 2437 sanguinem
1040 2379 1117 2432 uobis
1131 2381 1226 2434 iacien-

156 2448 194 2495 dae
210 2446 339 2509 zpopulus
348 2446 466 2507 iudaicus
482 2446 563 2508 ligure
582 2453 637 2497 erat
660 2449 793 2499 christiani
816 2447 917 2511 populi,
933 2449 1035 2512 sanguis
1050 2451 1224 2511 animalium,

156 2516 234 2577 figura
253 2519 383 2579 sauguinis
397 2516 504 2567 Christi.

186 2586 247 2637 lictu
262 2587 373 2638 secundi
384 2587 452 2649 dudd
463 2588 579 2640 Christus
590 2601 686 2639 uovnm
696 2588 885 2644 Testamentum
896 2586 1026 2651 candens,
1038 2587 1132 2650 iisdem
1141 2592 1225 2641 neruis

157 2668 217 2707 usus
235 2661 273 2709 est
283 2670 313 2709 ec
325 2656 422 2721 Moyses
435 2660 570 2721 antiquum
589 2658 715 2718 cundeus;
729 2657 839 2715 scilicet,
856 2656 897 2706 iiic
908 2662 943 2710 eet
953 2657 1060 2724 scapum
1074 2671 1149 2708 ιιιειι]
1166 2663 1225 2709 neat

160 2726 306 2776 Testamenti
305 2760 355 2787 .....
368 2730 398 2775 ut
409 2726 545 2787 figuratum
557 2726 643 2787 ugare
657 2726 828 2787 responderet.

185 2794 256 2846 Sicut
269 2800 354 2845 autem
367 2796 444 2845 rerba
455 2795 533 2859 Moysi
548 2799 575 2845 in
591 2808 667 2845 sensu
678 2795 780 2846 litterali
792 2798 946 2853 sumuntur,
959 2805 1003 2843 seu
1016 2805 1108 2845 rerum
1119 2802 1222 2860 sangni-

155 2877 214 2915 nem
230 2864 387 2927 siguisscant3
404 2866 438 2913 ita
456 2868 481 2913 ct
496 2865 572 2915 verba
589 2860 683 2913 Christi
700 2864 791 2913 debent
806 2862 839 2913 ad
851 2862 961 2911 litteram
973 2860 1079 2926 intelligi
1093 2882 1102 2913 r
1118 2864 1221 2917 iliorum

154 2948 244 2987 seusus
254 2940 292 2985 est
302 2935 369 2997 quod
380 2938 413 2985 sit
422 2936 481 2985 rere
498 2938 599 2998 sanguis
609 2972 616 2995 ,
628 2948 681 2984 non
693 2938 780 2983 autem
792 2935 894 2995 signum
909 2934 1049 2995 sanguinis.

183 3003 276 3065 Porri,
288 3016 321 3054 uc
338 3006 411 3066 quis,
429 3004 461 3053 ed
480 3005 642 3054 evertendam
652 3004 837 3065 precedentem
855 3002 966 3065 iposroii
983 3004 1219 3070 ratiocinationem,

154 3074 286 3125 fundatam
297 3075 324 3123 iu
340 3076 443 3123 nominc
455 3074 552 3135 latino,
568 3080 755 3131 testamentum,
769 3077 795 3121 et
810 3072 912 3131 Graec,
927 3070 1041 3131 iratam.
1052 3078 1123 3129 dimt
1132 3092 1219 3129 vocem

153 3146 297 3205 hebraeam,
318 3144 414 3202 berith,
434 3145 511 3194 Exodi
525 3147 554 3195 24
568 3181 576 3205 ‚
592 3148 618 3194 et
633 3142 743 3193 aliorum
766 3142 880 3193 locorum
894 3142 927 3193 ed
942 3156 999 3207 que
1011 3138 1056 3198 laic
1068 3152 1217 3218 respicitur,

154 3214 294 3276 significare
307 3218 425 3275 pactum,
442 3227 486 3263 scu
500 3213 598 3275 ieedusy

184 3282 382 3345 Respondebitur
392 3284 462 3331 euim
472 3284 555 3345 primo
566 3293 655 3331 vocem
668 3280 750 3332 berith
759 3281 875 3344 equidem
889 3283 1031 3345 siguificare
1040 3293 1164 3350 pactum,
1176 3304 1217 3341 scu

154 3352 244 3417 [cadus.

184 3422 309 3484 Secundis,
320 3426 423 3486 pactum
432 3460 439 3483 ,
448 3434 493 3473 scu
505 3420 586 3472 ioedus
597 3424 665 3471 sumi
674 3432 747 3485 posse
758 3421 799 3471 rei
810 3423 938 3485 generice,
947 3436 994 3487 pro
1005 3424 1120 3486 quolibet
1130 3433 1216 3491 pacto,

153 3494 206 3545 eive
221 3498 302 3542 morte
320 3492 498 3552 couiirmctur,
512 3494 565 3541 sive
576 3504 628 3541 uon
636 3512 644 3553 ;
663 3490 704 3541 rel
721 3491 851 3554 specifice,
861 3504 908 3555 pro
922 3497 997 3556 pacto
1010 3498 1215 3560 testamentario,

153 3560 220 3622 quod
235 3564 316 3611 morte
331 3562 456 3611 testatoris
470 3560 643 3611 confirmatur.
758 3602 769 3615 ,

184 3627 283 3689 Tertii,
299 3632 457 3699 septuaginta
476 3632 644 3692 interpretes,
659 3630 704 3691 qui
718 3628 799 3679 ludaei
814 3634 888 3679 eraut
905 3629 1056 3693 etlinguum
1072 3632 1216 3687 hebraicam

153 3697 247 3761 optime
256 3702 394 3758 noverant,
406 3710 495 3747 rocem
509 3698 602 3757 berith,
617 3702 643 3748 et
654 3698 769 3749 ieremias
780 3703 806 3749 31
817 3736 824 3759 ,
836 3712 864 3748 ιι.
874 3703 913 3750 et.
925 3702 951 3749 et
963 3701 1075 3753 aliorum
1085 3703 1214 3767 locorum,

154 3766 182 3813 in
193 3764 284 3822 quihus
295 3766 354 3811 novi
368 3770 393 3813 et
403 3764 635 3814 veterisimderisiit
646 3768 751 3827 mentia,
763 3767 868 3817 vertiam
879 3770 909 3817 lu
921 3765 1042 3833 ἃατήκην,
1055 3787 1102 3824 son
1114 3783 1214 3844 mum

153 3832 387 3887 testamentarium,
403 3838 583 3884 testamentum.

184 3896 217 3943 Et
226 3894 275 3940 isac
285 3904 337 3940 non
348 3898 403 3943 sine
412 3909 488 3945 causa
498 3936 504 3958 ,
517 3912 565 3949 nec
574 3900 668 3961 absque
677 3901 720 3951 liei
729 3902 851 3965 consilio,
862 3908 922 3967 qnia
931 3908 1019 3958 revere
1031 3915 1142 3973 prctnm
1152 3916 1214 3977 qnod

155 3961 223 4019 fieus
239 3960 298 4007 iniit
314 3970 374 4013 aum
386 3962 479 4015 iudeis
495 3966 527 4017 de
542 3967 625 4018 denda
642 3968 693 4018 iliis
706 3973 774 4020 terre
789 3972 910 4026 θεειιειι]
921 3979 951 4027 iu
962 3976 1159 4047 hereditatem,
1170 3986 1215 4035 init

150 262 207 319 Μ
394 262 410 311 .’
438 260 651 316 suisium
668 260 720 315 ΑΒ
735 257 932 314 HEBRAEGS

1278 2133 1280 2162 ι
