2575 4459
234 351 237 369 ι
263 332 439 390 rurauux
455 332 784 393 subcenturia
803 336 859 395 iii.
923 331 930 350 ⁴
1058 323 1091 397 'si

24 429 54 477 5.
92 424 175 483 Non
201 426 391 495 macilentum,
415 436 472 484 riou
525 430 591 481 Vino
605 442 659 481 nou
672 433 707 482 ott
717 430 1096 493 obnoxiao,nonriolcutuset

24 518 234 569 rcussorem,
243 506 293 561 sed
304 500 471 575 modestum
496 502 540 559 qui
555 502 682 561 percutiat
689 520 697 561 3
708 501 752 550 sed
762 503 796 551 sit
809 506 970 561 mansuetus,
982 504 1094 555 rixarent

28 594 51 630 n
62 580 257 649 litigiosum,
265 584 471 653 macwardum,
496 572 522 619 et
538 569 623 620 litium
641 570 786 633 abstinens,
803 585 855 622 aon
868 575 966 623 amatur
980 574 1093 636 argentis

24 706 1091 749 -····-—·-—-—-——-——--------9—-„

26 781 191 832 ornatum.
208 782 267 853 Syr.
277 790 468 851 composlinmaa
479 790 506 841 ld
516 792 566 851 cst,
575 791 619 853 qui
631 789 705 841 vultu
715 825 722 852 ‚
734 792 851 852 incessu,
862 790 952 841 irabliu
961 826 969 851 .
978 801 1094 841 sermone
1147 849 1149 853 ἱ

38 852 127 898 omni
147 854 228 900 mota
240 852 359 904 decorum
373 860 463 916 servet.

25 919 64 967 iit
81 921 175 969 etiam
193 932 241 985 per
252 936 343 986 eorpus
352 930 471 989 appareat
483 929 575 977 anim·
588 927 744 991 moderatio,
754 930 791 979 ait
805 928 986 982 ibeodoretne.

29 998 182 1047 Pudicam
199 1000 334 1062 respondet
348 1000 397 1053 hoe
413 1005 511 1053 nomini
527 1016 607 1066 graeco
624 1006 787 1069 suppreme
797 1018 848 1069 quo
860 1006 949 1069 supri;
965 1017 1013 1057 nee
1023 1006 1105 1059 enirn⁴

25 1067 77 1115 iud
92 1070 139 1116 est
149 1080 252 1118 nomeu
263 1072 290 1119 iu
306 1074 394 1133 textu,
411 1074 453 1123 cui
465 1074 622 1137 respondeat.

33 1136 156 1185 Duabus
175 1138 264 1199 itaque
280 1140 385 1189 vocibus
397 1176 403 1200 ‚
416 1140 566 1203 prudentem
584 1147 610 1192 et
629 1142 768 1206 pudicum,
786 1142 849 1193 dicit
869 1144 994 1207 interpres
1008 1144 1093 1196 noster

24 1204 77 1252 rod
94 1206 182 1256 runica
199 1219 263 1257 uoce
274 1209 355 1269 grace
367 1208 430 1258 dixit
440 1208 469 1259 li.
486 1209 578 1259 Paulus
588 1248 595 1271 ,
605 1216 722 1274 σώφρονα.

36 1275 166 1325 Virtutes
180 1278 258 1340 supra
271 1283 421 1329 memorata
440 1279 472 1329 ad
488 1282 616 1345 propriam
631 1284 743 1345 episcopi
760 1280 893 1345 persenam
904 1284 1019 1345 spectant
1030 1300 1038 1332 e
1050 1292 1092 1334 se·

24 1348 124 1395 nentes
137 1346 204 1397 verb
220 1346 252 1396 ad
265 1347 337 1397 alios.

39 1420 223 1481 llospitolem.
236 1420 278 1470 Gr.
289 1425 315 1471 et
327 1420 384 1485 Syr.
395 1423 439 1485 qul
457 1422 567 1475 advenas
580 1428 606 1475 et
623 1428 767 1489 peregrinos
782 1424 877 1487 diligat.

41 1490 83 1538 Ad
99 1488 306 1551 hospitalitatem
324 1502 382 1553 ergo
401 1504 490 1543 omnes
505 1494 668 1545 exercendam
688 1499 726 1545 tot
743 1500 770 1545 et
787 1499 864 1545 mutu
882 1492 946 1545 daia
960 1492 1021 1545 sunt
1038 1494 1087 1557 api·

24 1562 100 1621 copis
119 1560 231 1609 divitiae.
741 1596 742 1599 ,

44 1630 225 1679 advenientes
240 1628 343 1681 aliunde
354 1630 511 1683 Christianos
522 1632 590 1683 domi
608 1644 661 1685 snae
672 1634 734 1685 olim
744 1634 900 1698 excipiebant
911 1634 1028 1696 episcopi.

45 1701 116 1749 Hinc
134 1698 168 1749 it.
187 1698 260 1763 Greg.
273 1702 310 1749 ait
321 1718 329 1750 r
341 1700 542 1764 Hospitalitatem
564 1706 679 1753 nesciens
692 1717 744 1754 non
762 1704 807 1754 flat
820 1706 959 1769 episcopus.
974 1700 1036 1753 uec
1046 1714 1089 1765 itii·

24 1768 122 1825 lornei.
140 1766 277 1833 duplae,
289 1772 333 1831 qul
344 1773 369 1819 et
379 1770 409 1819 it.
423 1770 605 1835 Hieronymum
619 1775 680 1823 citat
693 1777 718 1823 et
730 1774 803 1823 alios.

48 1846 205 1901 Doctorem,
221 1842 314 1905 idest,
326 1844 371 1907 qui
389 1846 423 1894 sit
433 1849 507 1907 aptus
521 1849 545 1895 et
557 1849 661 1911 paratus
671 1847 704 1897 ad
715 1846 864 1899 docendam.

49 1911 203 1961 Praedimdo
215 1912 372 1975 precipuum
386 1916 424 1961 est
435 1914 543 1977 episcopi
558 1928 662 1964 munus.

50 1983 163 2031 Summa
183 1984 269 2041 enim,
287 1984 324 2031 ait
343 1981 373 2031 li.
388 1982 512 2043 Hilarius,
532 1984 576 2035 lib.
589 1988 613 2034 8.
633 1984 664 2033 de
682 1984 821 2045 laniate,
835 1984 952 2034 omniurn
964 1982 1090 2033 virtutum

24 2050 208 2115 episcopalium
219 2053 257 2099 est
270 2047 376 2100 seientia
391 2055 417 2100 et
430 2051 553 2103 doctriua.

53 2123 104 2181 Er,
117 2124 148 2169 ut
165 2122 201 2169 ait
216 2118 417 2182 Tueopuyiactus
436 2122 463 2169 in
482 2123 555 2183 epist.
577 2120 610 2171 ad
623 2120 725 2181 iiiam,
745 2132 802 2183 cap.
820 2124 889 2182 i‚u.
906 2124 932 2171 9.
947 2119 1090 2183 precipuum

25 2193 139 2254 episcopi
152 2190 282 2241 character
291 2192 330 2239 est
340 2188 447 2239 docendi
460 2188 576 2241 inemtas.

58 2285 82 2331 3.
100 2280 156 2329 ilon
167 2276 335 2337 vinolentum,
348 2276 374 2327 id
387 2280 440 2338 est,
452 2290 505 2327 nou
515 2280 576 2346 rino
589 2276 735 2330 obnoxium.

60 2348 219 2412 Supradiotas
233 2349 340 2399 virtutes
355 2350 508 2400 nemssarlas
519 2348 616 2398 iudicat
630 2362 676 2411 per
688 2350 847 2411 negationem
859 2348 980 2399 vitiorum
993 2348 1030 2399 cis
1042 2358 1089 2412 op-

28 2423 176 2483 positorum.

64 2491 92 2539 ii.
105 2486 293 2551 chrysostomus
303 2490 376 2553 putat
385 2488 428 2539 hle
439 2486 573 2549 significari
592 2500 644 2538 nou
660 2491 854 2540 conviciatorem
865 2493 940 2555 atqua
953 2486 1056 2541 elatum.

64 2567 117 2615 Non
126 2576 293 2629 pararnonem
305 2584 314 2614 .-
325 2563 445 2613 rlolentia
455 2563 599 2613 vinolentia
613 2572 678 2625 saepc
689 2567 726 2613 est
737 2566 832 2615 vicina.

66 2636 127 2684 iiiuc
137 2634 248 2683 decenter
257 2636 314 2695 post
322 2634 413 2683 viuum
424 2632 517 2683 mauris
529 2632 668 2695 petulantia
679 2632 833 2693 prohibetur.
925 2669 929 2674 .

66 2705 94 2753 ii.
111 2703 234 2765 chrysost.
254 2714 330 2763 quern
349 2706 490 2763 sequuntur
506 2700 707 2765 Theophylaetns
722 2705 748 2752 et
766 2702 795 2754 li.
812 2700 945 2753 anselmus
961 2701 1088 2755 ebenum
1128 2748 1132 2755 .

37 2772 211 2823 conscientiam
224 2780 276 2819 uon
288 2768 362 2819 feriat
372 2769 493 2832 improbe.

70 2846 267 2897 seducentem.
279 2844 336 2909 Syr.
352 2846 530 2905 mansuetum,
543 2842 570 2894 ld
582 2847 635 2905 est,
647 2845 691 2895 sed
708 2844 837 2897 bumauue
854 2847 902 2905 sit,
914 2847 1088 2896 unitissimo-

39 2918 142 2967 demtus.

70 2994 121 3041 Nori
130 2990 271 3054 litipiorom.
282 2988 326 3040 Gr.
337 3001 390 3040 non
400 2988 572 3055 pugnantem,
584 3000 629 3041 seu
640 2991 752 3041 fixarum
764 2991 789 3038 et
799 2987 883 3037 litium
894 2990 927 3038 sit
941 2987 1087 3056 abstinens,

41 3063 127 3123 absque
135 3062 211 3123 jurgio
224 3064 250 3111 et
260 3058 374 3119 dissidio·
1036 3062 1044 3071 ¹

72 3140 123 3188 lioo
133 3138 260 3199 camdem,
275 3132 389 3193 scilicet,
403 3130 524 3183 habendi.
542 3132 586 3182 Gr.
598 3144 651 3181 nou
663 3130 784 3195 cupidum
794 3132 900 3192 argenti.
913 3129 969 3195 Syr.
988 3144 1040 3182 non
1054 3132 1089 3185 slt

44 3214 133 3259 curator
145 3206 235 3269 argenti
246 3242 253 3266 ,
266 3204 292 3254 id
310 3205 364 3265 est,
376 3204 410 3252 sit
428 3202 527 3253 alienus
543 3202 575 3251 ab
588 3202 703 3251 avaritia.

73 3280 100 3328 li.
118 3277 301 3340 chrysostomus
318 3274 409 3335 quaerit
422 3276 476 3323 cur¹
487 3269 619 3336 Apostolus
637 3272 669 3321 de
688 3272 804 3338 episcopo
817 3270 957 3333 disserens,
972 3272 1063 3324 dixerit
1078 3293 1085 3323 ι

47 3350 138 3410 oportet
152 3346 220 3396 illum
237 3342 429 3393 uouebriosum
440 3353 506 3401 asse,
517 3354 569 3391 uon
582 3353 754 3403 percussorem
764 3378 772 3401 ,
782 3346 840 3403 cic,
850 3356 910 3392 enm
919 3342 992 3405 longe
1005 3342 1088 3393 excel·

47 3419 141 3467 lautiora
150 3427 190 3479 pro
200 3412 347 3464 celsitudine
359 3412 451 3474 mades
464 3414 561 3473 exigere
572 3410 687 3460 debuisse
701 3410 826 3460 rideatur.
1127 3408 1132 3416 '

75 3488 120 3537 Gur
136 3498 182 3535 nou
198 3484 258 3533 dixit
269 3501 277 3533 z
290 3482 392 3545 Oportet
405 3484 550 3547 episcopum
567 3480 686 3543 angelum
699 3493 766 3542 esse,
777 3480 843 3530 uuili
855 3479 975 3533 humane
986 3484 1088 3545 merua

50 3556 148 3617 bettoni,
159 3554 272 3605 nutritio
284 3552 446 3613 subjectum,
460 3554 509 3601 ete.

78 3625 122 3674 cnr
136 3624 163 3673 ab
179 3624 290 3685 episeopo
306 3620 395 3671 saltem
412 3632 465 3669 nou
484 3620 596 3681 requirat
609 3630 639 3669 ea
655 3630 713 3681 quae
728 3620 805 3669 mam
822 3618 929 3670 subditis
947 3624 1088 3674 necessaria

53 3706 99 3741 csse
111 3692 184 3741 docuit
191 3710 198 3751 3
212 3690 322 3750 miliaci,
334 3688 499 3739 circumferre
517 3700 617 3737 crucam
630 3700 703 3737 suam
713 3724 721 3749 ,
732 3692 808 3751 atque
825 3689 852 3738 in
865 3688 983 3739 manibus
994 3690 1088 3743 babere

54 3766 151 3811 animam
161 3766 202 3824 pr'o
211 3759 331 3809 iratribus
340 3770 438 3822 semper
451 3758 643 3820 exponendami

81 3830 211 3879 Moderatum
220 3862 228 3889 ,
246 3828 344 3889 inquit,
364 3830 486 3885 virtutem
502 3830 631 3891 proposuit
646 3830 673 3877 in
690 3830 806 3891 episcopo
821 3829 1016 3891 inquirendam,
1035 3843 1086 3884 uon

57 3898 180 3961 supremam
189 3901 262 3960 atque
280 3896 423 3957 animiam,
439 3899 499 3959 qula
511 3894 566 3946 hac
580 3900 606 3945 lu
618 3899 704 3960 paucis
718 3901 841 3959 reperitur
852 3915 859 3947 ε
871 3901 991 3961 episcopis
1002 3902 1088 3950 autem

58 3970 157 4031 piurimis
167 3971 223 4019 tuac
240 3978 304 4030 opus
318 3966 381 4030 inita
392 3976 426 4017 ne
441 3978 499 4029 ergo
517 3966 629 4031 perirent
642 3964 758 4017 Ecclesia
773 3966 888 4029 negotia,
903 3967 983 4016 untur
999 3966 1088 4019 mode·
1180 3976 1185 3984 ·

58 4040 174 4089 ratione-n
429 4075 433 4083 .
716 4066 721 4071 -
797 4066 801 4073 ·
