2575 4459
205 268 241 323 aa
511 276 517 282 ·
583 283 588 292 ¹
622 257 855 325 rauracius

244 364 293 426 Ex
311 362 373 427 hac
384 362 539 427 Timothei
555 380 628 427 cum
646 365 718 429 divo
742 366 836 427 Paulo
849 360 1068 443 unanimitate,
1082 362 1201 443 quidni
1214 362 1269 425 iac-

204 470 274 529 tum
286 468 413 531 credam
433 466 518 551 quod
538 468 653 533 Paulus
670 470 737 535 suis
755 466 963 547 ministeris,
983 466 1145 531 Timothei
1160 485 1269 529 nomen

205 574 271 633 tam
293 585 376 651 saepe
395 588 469 635 cum
490 588 549 637 suo
568 571 696 636 nomine
718 573 831 635 miscet
844 575 879 635 et
900 570 1086 651 conjungit?
1103 571 1227 646 Quidni
1246 580 1268 633 et

205 678 322 741 lactum
340 681 448 758 putem
460 676 546 757 quod
558 678 672 740 Paulus
693 677 908 749 Timotheum,
923 676 1013 755 quasi
1029 694 1125 740 suum
1145 675 1269 741 aiaton

205 780 354 861 legatum,
365 784 546 862 frequenter
555 781 653 847 mittit
665 780 731 861 quo
743 797 807 845 non
819 784 926 861 potest
938 780 1072 861 ipsemet
1085 782 1134 845 ire
1148 805 1158 845 ι
1171 782 1269 861 qrridn

205 888 238 947 ct
254 882 358 965 quod,
368 882 493 966 Epheso
507 887 620 949 Paulus
634 883 654 949 a
670 884 765 948 labris
781 883 886 949 Diane
901 886 1081 966 compulsus
1094 886 1216 964 exire,
1231 886 1269 947 Ti-

204 990 371 1055 motheum
383 991 426 1055 ibi
443 992 568 1071 reliquit
580 991 784 1073 episcopum,
802 988 867 1053 imo
879 989 1153 1072 archiepiscopum
1168 996 1205 1055 ct
1218 992 1269 1071 pn-

205 1099 339 1177 matem,
355 1096 410 1175 qui
426 1095 586 1176 Evangelii
609 1095 730 1159 semina
742 1091 762 1158 a
774 1094 871 1175 Raulo
893 1096 1034 1183 projecta
1045 1098 1156 1161 foveat
1171 1101 1209 1160 et
1225 1114 1269 1159 es-

205 1202 309 1278 colat,
323 1204 473 1280 tanquam
489 1201 603 1264 Paulus
622 1201 712 1263 alter.

244 1305 323 1370 Huic
349 1322 426 1386 ergo
452 1304 627 1369 admirabili
649 1303 833 1382 Timotheo,
855 1320 921 1367 non
940 1303 1104 1384 Ephesiae
1127 1306 1268 1369 Ecclesia

206 1409 332 1477 tantum
351 1411 521 1491 episcopo,
536 1409 593 1473 sed
612 1412 646 1473 et
663 1408 805 1471 omnium
820 1407 901 1470 haim
916 1407 1046 1471 minoris
1061 1409 1267 1473 Ecclesiamn

205 1516 351 1597 primati,
372 1513 463 1576 binas
489 1506 602 1577 Paulus
624 1513 749 1594 scripsit
764 1512 937 1593 Epistulas,
952 1516 989 1576 ut
1009 1530 1098 1592 eum,
1122 1531 1196 1578 non
1208 1519 1267 1578 tan·

205 1636 302 1701 quam
315 1618 523 1683 Christianum
536 1619 724 1699 quamlibet,
738 1617 796 1682 sed
808 1621 958 1698 tanquam
973 1617 1072 1698 plebis
1093 1619 1271 1684 christiana

204 1723 386 1803 doctorem,
401 1723 545 1788 instituat
556 1723 598 1787 ds
609 1714 649 1787 iis
662 1740 743 1803 quae,
758 1739 816 1787 sen
831 1739 937 1803 agere,
953 1722 1137 1787 seudooere
1146 1725 1265 1789 debeat.

244 1834 289 1894 ho
301 1827 404 1911 primo
424 1828 572 1909 quidem,
588 1830 622 1893 ln
641 1830 702 1892 hac
715 1827 811 1908 priori
829 1826 966 1908 Epistola
984 1828 1073 1891 illum
1089 1829 1226 1895 instruit
1238 1834 1275 1913 da¹

205 1934 365 2015 doctrina,
379 1952 438 1999 seu
456 1934 532 2013 quid
546 1950 611 1998 non
629 1934 826 2011 docendum,
840 1931 917 2012 quid
930 1929 1006 1998 vcro
1019 1933 1216 2000 docendum.

244 2041 363 2107 Deinde
375 2041 416 2105 de
428 2040 517 2104 cultu
538 2040 609 2120 Dei,
621 2037 708 2120 quod
728 2040 802 2103 autc
814 2035 920 2101 omnia
932 2042 1015 2101 Deus
1026 2038 1070 2103 sit
1081 2042 1242 2122 orandus,
1254 2042 1279 2104 l·

204 2145 315 2227 quibus
327 2193 336 2226 ,
350 2146 405 2210 uhi
418 2148 452 2212 et
464 2145 636 2226 momodo.

245 2250 371 2327 Tertio,
390 2251 432 2313 de
449 2250 647 2315 ordinatione
670 2248 904 2329 ministrorum
923 2264 994 2328 qua
1011 2248 1044 2312 in
1064 2250 1222 2335 episcopo
1243 2260 1265 2316 et

204 2357 339 2419 diacono
356 2356 448 2419 dotes
470 2355 689 2435 requirantur,
704 2357 737 2417 et
755 2357 1004 2434 monumentor,
1016 2353 1117 2434 qualis
1128 2356 1207 2438 ipse
1221 2361 1265 2422 de

204 2462 278 2525 beat
291 2476 381 2539 esse,
397 2464 431 2524 et
444 2460 552 2540 quales
570 2458 726 2522 ordinare.

243 2561 380 2641 Quarto,
395 2564 536 2655 praedicit
558 2564 754 2628 suborituras
767 2564 924 2643 hereses,
938 2566 1049 2629 contra
1069 2582 1152 2646 quas
1167 2571 1264 2633 Timo

203 2671 314 2734 theum
326 2670 493 2751 praemunit
506 2672 538 2735 et
551 2672 663 2734 murat.

242 2772 377 2853 Quinto,
392 2774 486 2838 docet
503 2790 577 2838 eum
588 2773 749 2855 quomodo
762 2792 838 2858 erga
849 2791 961 2840 omnes
976 2778 1011 2841 et
1027 2776 1173 2858 singulos
1194 2781 1264 2845 fide·

204 2882 250 2943 les
260 2928 269 2960 ,
280 2896 338 2961 pro
348 2880 501 2944 varietate
520 2883 681 2959 statuum,
696 2896 732 2945 se
749 2896 859 2961 gerere
876 2880 1000 2945 debeat.

231 2982 357 3064 mmo,
383 3000 492 3051 servos
515 2984 609 3049 docet
626 2985 854 3062 obedientiam,
869 2985 981 3048 divites
1007 2986 1226 3062 humilitatem
1241 2996 1262 3054 et

203 3090 441 3170 liberalitatem
459 3088 612 3170 denique,
632 3090 833 3153 Timotheum
851 3090 994 3153 hortatur
1013 3092 1055 3154 ad
1066 3093 1178 3159 omnia
1198 3099 1262 3162 vitia

201 3196 369 3277 fugienda,
384 3194 425 3258 ad
444 3210 570 3259 omnem
589 3196 743 3274 justitiam
761 3192 873 3257 sedulo
895 3197 1141 3276 sectandam,in
1155 3204 1261 3281 primis

201 3290 294 3377 vero,
312 3303 350 3362 ut
368 3299 442 3363 fidei
459 3298 637 3379 depositum
650 3302 776 3378 servet,
797 3315 940 3380 novaque
953 3300 1029 3366 vitet
1042 3302 1206 3385 dogmata.

240 3408 278 3468 ut
291 3404 417 3467 hucest
429 3404 524 3483 hujus
544 3402 690 3485 Epistulae
701 3403 887 3467 substantia.

240 3510 297 3573 Ubi
308 3512 414 3573 autem
427 3513 461 3572 et
476 3508 607 3589 ¹quando
621 3509 735 3590 scripta
748 3509 807 3572 tuit
819 3510 888 3574 haec
902 3511 989 3591 prior
1005 3512 1045 3577 ad
1064 3513 1259 3583 Timotheum

201 3615 354 3695 Epistola,
379 3614 500 3678 variant
521 3617 677 3679 auctores.
701 3615 811 3690 Quoad
833 3614 938 3679 locum
970 3618 1119 3699 quidem,
1145 3621 1257 3705 aliqui,

199 3723 294 3801 juxta
314 3722 456 3783 Graecum
474 3724 507 3784 et
524 3720 704 3801 Syriacum,
721 3721 830 3783 volunt
843 3716 928 3800 quod
946 3720 1130 3789 eLaodicea
1146 3732 1258 3811 scripta

202 3823 262 3904 sit3
276 3823 329 3886 alii
348 3822 538 3905 probabilius
561 3821 704 3906 putante
725 3825 923 3906 Macedonia,
938 3828 1032 3910 idque
1048 3830 1172 3897 videtur
1184 3836 1257 3901 insi·

202 3932 349 4011 nuatum,
368 3948 397 3993 c.
414 3940 442 4011 1,
453 3934 485 4004 t.
501 3936 520 3995 3
537 3930 602 3997 zita
616 3929 787 4008 Batonius,
801 3933 925 4012 Estius,
940 3938 1002 3999 etc.
