2575 4459
208 225 245 295 ‘ur
291 322 294 329 1
400 245 532 301 11111
550 230 757 305 nrrsronn
775 252 825 305 nn
844 252 1078 311 rruonnenu
1101 298 1105 305 .

210 472 1271 519 mmmmm

396 674 659 764 aurursus
684 675 895 809 usurus
920 680 1087 773 11111

658 910 811 941 ''V-*-

208 1032 366 1137 Pnnrrsst
378 1077 547 1135 salutatione
556 1078 706 1133 Timotheo
716 1077 830 1147 propria
840 1082 868 1135 et
878 1074 1029 1147 singulari,
1045 1078 1073 1149 i.
1086 1083 1103 1135 1
1116 1086 1149 1137 et
1159 1084 1197 1151 Ξ,
1211 1084 1275 1153 Apo

209 1168 297 1226 stolus
311 1163 487 1219 Timotheum
503 1162 615 1218 instruit
631 1163 668 1218 de
680 1162 817 1217 doctrina.

244 1254 283 1307 Ae
293 1248 400 1318 primo,
414 1246 610 1303 abstinendum
620 1246 638 1303 ai
649 1248 728 1301 ranis
740 1244 943 1314 questionibus
956 1263 964 1300 a
976 1246 1043 1301 hine
1057 1247 1194 1304 obsecrat
1204 1251 1275 1303 illurn

152 1382 162 1394 .
208 1341 240 1391 ut
252 1348 314 1390 sese
325 1333 440 1388 viriliter
452 1337 575 1401 opponat
586 1330 755 1401 quibusdam
769 1330 840 1399 legis
853 1329 1029 1397 doctoribus,
1045 1330 1157 1386 1111111
1168 1334 1277 1389 inutiles

209 1425 238 1477 et
247 1416 423 1489 genealogias
434 1428 499 1483 quae
509 1414 571 1469 lites
583 1419 731 1483 generant,
745 1412 926 1478 docentibus,
943 1414 1080 1482 15111.

242 1500 374 1557 nocenda
386 1499 453 1553 vero
466 1497 716 1565 1111111111,
730 1496 893 1552 chorialem
904 1501 934 1552 et
950 1496 1042 1552 bonos
1053 1511 1151 1555 mores
1161 1514 1274 1569 promo-

209 1590 289 1651 vent,
303 1582 370 1651 quia
380 1580 499 1635 charitas
510 1594 614 1647 scopus
625 1589 668 1635 est
678 1583 766 1650 legis,
779 1581 807 1652 i.
823 1583 852 1637 s.

245 1670 369 1733 Asoopo
385 1666 480 1733 itaque
491 1662 622 1719 11111111
635 1664 675 1721 illi
691 1666 838 1733 doctores,
855 1666 894 1723 ad
902 1664 1062 1735 vaniloquia
1072 1668 1226 1736 oonrersi,
1240 1669 1274 1722 le·

210 1763 330 1823 genuque
342 1749 471 1817 ignorant
485 1746 566 1815 eujus
583 1762 615 1803 se
629 1748 759 1806 doctores
771 1764 834 1805 asse
848 1750 1018 1819 gloriantur,
1032 1749 1061 1818 5.
1073 1752 1109 1817 6,
1123 1754 1152 1805 l.

244 1836 304 1888 lloc
312 1833 409 1887 dicens
421 1831 450 1885 in
462 1844 525 1897 eos,
536 1830 575 1885 ait
589 1833 756 1902 Apostolus,
769 1834 899 1889 homines
908 1846 1009 1901 carpo,
1021 1828 1113 1901 legem
1129 1848 1195 1889 non
1210 1836 1274 1888 vitu·

209 1931 279 1987 pero
293 1934 300 1972 r
311 1916 355 1971 lex
367 1915 443 1971 enim
453 1916 483 1969 in
495 1929 526 1970 se
537 1916 629 1983 bona,
640 1916 691 1971 sed
703 1917 736 1971 et
743 1916 879 1971 utendum
887 1915 967 1984 juxta
978 1930 1096 1984 scopum
1105 1916 1200 1987 legis,
1213 1920 1241 1987 y.
1252 1923 1272 1971 8.

244 2004 277 2055 ln
288 2000 385 2069 primis
393 2004 487 2055 autem
498 1998 644 2053 solendum
655 2000 734 2068 quod
744 2000 877 2067 lexjustis
888 2013 947 2054 non
955 2000 1111 2068 estpositn,
1122 2002 1177 2058 sed
1187 2017 1274 2071 pecca

209 2086 318 2142 toribus
330 2090 358 2139 et
375 2084 533 2150 secleratis,
550 2084 648 2151 quales
664 2089 744 2139 erant
758 2083 886 2151 plerique
897 2083 1006 2151 tuden
1018 2090 1046 2138 et
1058 2083 1125 2140 ideo
1139 2085 1182 2139 ob
1193 2087 1273 2155 legen

210 2172 264 2225 sibi
274 2170 383 2235 datam,
396 2182 454 2223 non
469 2175 511 2221 est
522 2166 563 2221 eis
575 2166 613 2221 ita
624 2168 819 2235 gloriandum,
832 2166 859 2236 i.
875 2170 910 2233 9,
923 2170 976 2234 10,
992 2171 1038 2221 11.

243 2254 362 2317 Paulus,
374 2252 448 2304 laeto
461 2249 515 2303 sibi
531 2248 634 2303 sensim
647 2249 708 2304 sine
718 2265 803 2305 sensu
812 2252 898 2319 alege
909 2250 946 2305 ad
958 2252 1137 2321 Evangelium
1148 2254 1208 2309 sibi
1221 2270 1273 2309 ere-

132 2368 137 2371 -
210 2336 299 2390 ditum
317 2335 449 2401 transitu,
472 2336 530 2387 lieo
550 2334 653 2401 gratias
672 2323 735 2402 agit'
746 2334 783 2389 ob
801 2335 1023 2390 misericordiam
1037 2336 1092 2391 sibi
1109 2339 1271 2404 exhibitam,

211 2420 267 2487 qua
281 2434 315 2473 ox
326 2418 488 2486 blasphemo
499 2417 589 2471 iaetus
600 2417 653 2495 luit
664 2418 826 2485 Apostolus,
839 2417 867 2488 i.
888 2422 1063 2485 11,13,11.
1235 2467 1238 2473 .

246 2506 309 2557 llaee
320 2503 369 2556 llei
379 2502 407 2555 in
419 2502 535 2557 Paulum
546 2500 738 2557 misericordia
750 2501 833 2555 debet
844 2503 976 2557 omnihus
990 2504 1191 2571 peecatoribus
1205 2522 1272 2575 spon

210 2591 238 2639 et
248 2584 378 2639 fiduciam
388 2586 542 2653 inspirare,
556 2586 655 2653 eisque
669 2583 789 2639 suadere
799 2584 878 2652 quod
888 2585 965 2640 veuit
980 2586 1105 2642 Christus
1112 2597 1273 2657 pescatores

210 2670 301 2724 salros
312 2669 413 2724 faeere.
430 2672 521 2739 i.t5,
533 2672 579 2723 16.

244 2753 286 2807 Ob
300 2753 329 2805 id
347 2766 444 2807 rursus
460 2756 517 2807 Deo
533 2753 635 2821 gratias
655 2752 729 2821 agit,
746 2751 775 2821 j.
789 2756 835 2807 tl.

244 2836 370 2904 Denique
382 2836 557 2891 Timotheum
568 2836 696 2890 hortatur
710 2834 747 2889 ad
763 2836 837 2890 bene
846 2835 926 2905 iuxta
942 2840 1067 2907 regulam
1080 2838 1128 2895 hio
1144 2841 1204 2897 sibi
1222 2849 1271 2896 tra-

210 2920 299 2974 ditam
311 2919 510 2974 decertandum
527 2919 557 2972 in
573 2917 628 2973 lide
639 2923 668 2972 et
681 2918 755 2973 bont
774 2917 958 2986 conscientia,
979 2923 1040 2976 sine
1051 2923 1271 2991 quatimondun

210 3002 277 3059 tidei
288 3002 476 3075 nauriragium,
489 3000 571 3075 qualo
581 3000 683 3059 aeeidit
696 3003 847 3075 Hymenaeo
859 3006 888 3059 et
901 3004 1067 3062 Alexandro.
