2575 4459
195 282 233 347 ss
391 288 523 343 inlita
540 285 750 346 EPISTOLAE
768 292 818 345 iit
835 290 1076 347 rittumuit

194 384 414 437 etmnselenttam
434 386 573 436 eriminum
591 390 705 437 cauteria
725 389 799 437 inus·
821 390 1017 455 mendacium,
1039 395 1069 441 et
1088 386 1264 442 canteriatam

194 458 248 503 tam
265 452 428 512 habentium
445 466 489 502 seu
515 466 577 513 quas
599 454 727 504 docebunt
742 454 797 504 falsi
822 469 988 520 habentium
1016 480 1097 519 suam
1122 467 1268 521 conscien-

195 523 325 580 doctores,
342 520 480 583 hypocritae
498 524 720 575 eteouscienttam
738 538 799 575 caa-
821 546 905 611 fiam

195 592 311 643 teriatum
324 588 455 641 hebentes.

195 767 270 819 nibus
281 779 401 831 apparere
410 769 558 828 satagentes,
569 769 736 817 cauteriatam
747 773 833 817 tamen
846 767 978 816 habebunt
988 780 1065 817 seam
1077 769 1267 830 conscientiam,

196 836 286 897 idest,
297 836 409 888 cauterio
420 836 555 886 libidinum
568 840 593 887 et
603 840 723 887 omnium
739 837 863 887 scelerum
875 840 990 887 inustam
1000 842 1028 887 et
1038 837 1214 899 denigratam.

228 910 399 962 cauteriatam
417 910 592 961 habentium...

225 980 277 1031 iile
289 980 437 1041 metaphora
449 980 550 1043 sumpta
562 980 576 1029 t
589 978 712 1030 malellcis
722 981 815 1043 auibus
833 980 900 1031 terra
914 982 1043 1032 candente
1060 984 1133 1033 catis
1149 984 1268 1043 inuritur,

196 1052 333 1113 insignum
345 1050 430 1100 delicti
443 1054 468 1100 et
479 1050 603 1109 intamte,
616 1052 645 1099 Ι).
658 1051 752 1099 Paulus
765 1051 908 1111 significare
918 1052 1018 1111 voluit,

226 1120 324 1182 Primo,
337 1118 448 1171 infamia
461 1124 567 1177 ιιιιΙιιιις
581 1132 640 1175 seu,
653 1125 681 1170 ut
691 1122 729 1168 att
739 1119 956 1181 Theophylactas,
972 1119 1128 1171 indelebiles
1140 1127 1213 1172 notas
1224 1137 1265 1171 sar·

195 1188 260 1240 dida
271 1189 372 1241 illorum
384 1192 461 1241 ritas
474 1194 499 1240 et
509 1190 570 1240 huic
579 1188 718 1244 eonionnis
731 1192 770 1238 est
782 1188 861 1251 Syrus
871 1207 878 1237 ι
889 1193 980 1249 erant,
994 1190 1102 1253 inquit,
1117 1196 1199 1242 nanti
1216 1207 1265 1242 rau·

197 1261 259 1309 teria
272 1261 300 1309 Ιιι
314 1260 360 1309 sua
370 1259 535 1310 conscientia.

137 1353 139 1359 ·
225 1328 341 1378 Secundo
348 1328 482 1391 ,putidam
493 1339 593 1378 morum
605 1324 708 1377 illorum
721 1328 924 1388 corruptionem

225 1398 371 1449 Cauterium
385 1400 471 1458 enim,
486 1400 515 1447 ut
534 1398 570 1446 alt
589 1396 619 1447 Ι).
633 1397 761 1449 Thomas.
773 1399 813 1444 est
827 1396 957 1458 corruptio
974 1397 1004 1445 in
1019 1408 1107 1447 carne
1118 1402 1264 1462 perignem,

196 1481 224 1517 er
236 1466 423 1529 antegreditur
434 1432 554 1516 continue
562 1455 679 1539 putredo.

225 1536 262 1585 lta
273 1548 304 1585 ex
316 1538 373 1596 igne
386 1546 509 1595 perverse
522 1526 663 1585 voluntatis
679 1533 784 1584 illorum
799 1530 929 1586 ulceratus
945 1534 1126 1598 canscientia,
1143 1540 1170 1587 et
1186 1536 1266 1585 dame

195 1606 297 1655 uiarum
311 1604 436 1666 egreditur
457 1604 518 1654 ialsa
531 1604 656 1655 doctrina.

224 1674 324 1735 Tertio,
335 1672 459 1723 terrorem
472 1676 497 1723 et
507 1672 625 1726 mdorem
635 1672 787 1734 libidinum,
798 1684 858 1734 seu,
867 1675 897 1723 nt
906 1672 944 1723 eli
958 1671 1125 1725 Emmanuel
1134 1676 1182 1738 Sa,
1192 1678 1266 1738 tgnrn

194 1743 306 1793 malitia.

222 1811 317 1873 Quartb
326 1848 335 1874 ,
345 1811 447 1865 illorum
458 1812 561 1865 malitie
572 1806 823 1874 inmutabtuute‘m,
837 1824 899 1871 seu,
909 1814 940 1863 at
954 1814 992 1862 alt
1006 1809 1207 1877 theodoretus,
1223 1821 1267 1865 sta-

193 1894 280 1945 porem
291 1894 379 1933 eorum
394 1887 545 1934 extremum.

223 1950 304 2001 lacus
316 1954 436 2013 cauterii,
449 1952 646 2005 morteatt‘ectus
654 1954 783 2016 ,priorem
797 1964 902 2006 sensum
915 1951 1023 2011 amisit,
1035 1952 1266 2004 eitl'hendoretas.

225 2029 395 2079 cauteriatam
409 2030 494 2089 itaque
509 2028 655 2077 habentium
667 2028 855 2084 conscientiam,
871 2026 897 2075 ld
909 2030 960 2087 est,
972 2024 1132 2077 habentium
1145 2033 1267 2078 conscien-

193 2099 255 2148 tiam
266 2097 353 2149 intami
358 2098 475 2161 ,putido,
484 2097 589 2147 ardente
600 2098 723 2148 etinersti
726 2096 832 2159 nguibili
844 2093 1002 2144 libidinum'
995 2105 1054 2157 igne
1064 2096 1197 2179 inustam,
1208 2098 1266 2145 unde

192 2171 273 2219 οιΙΙιιι
286 2169 430 2231 corruptio,
441 2168 562 2231 putredo,
574 2172 680 2229 stupor,
691 2166 872 2215 mersamine

222 2250 380 2302 Oasnamtrto
392 2264 540 2299 arrrnntats
553 2264 584 2299 er
596 2261 706 2299 nonanis
708 2250 802 2299 .-liee
813 2253 912 2313 poterat
922 2247 1088 2311 paucioribus
1099 2250 1194 2301 verbis
1202 2251 1265 2313 plura

192 2323 290 2383 dicere,
303 2334 349 2373 nee
359 2325 457 2384 poterat
468 2320 708 2381 significantioribus
727 2320 810 2386 uerbis
827 2319 982 2371 horrendam
995 2318 1138 2415 heresium
1161 2324 1266 2371 enormi-

192 2396 270 2441 tatem
282 2392 353 2441 nobis
368 2392 516 2452 exprimere.

223 2458 293 2507 illam
305 2458 477 2507 animadverte
493 2460 518 2509 et
532 2458 617 2509 horre.

223 2529 332 2578 llaereses
351 2526 437 2578 sunt
423 2542 440 2578 a
449 2528 583 2591 spiritibus
597 2530 709 2588 erroris,
721 2528 748 2581 id
761 2529 839 2588 est‚h
854 2528 970 2579 daemmm
987 2528 1119 2591 lauimus,
1139 2537 1236 2584 erraris
1245 2543 1264 2581 et

193 2597 317 2650 mendacii
328 2601 408 2663 petre.

222 2668 286 2718 Sunt
302 2667 320 2717 d
333 2669 466 2731 spiritibus
485 2668 595 2728 erraris,
611 2668 699 2729 idest,
712 2667 744 2718 ab
760 2667 907 2718 hominibus
919 2668 1065 2729 hilaribus,
1076 2670 1262 2732 mendacibus,

191 2738 319 2801 inspiratis
330 2737 344 2788 Ι
358 2736 471 2787 demone
482 2774 489 2797 ,
500 2740 583 2787 omnis
592 2736 708 2787 ialsltmis
718 2740 744 2786 et
753 2738 845 2786 erroris
854 2736 933 2787 tonte.

221 2808 330 2859 llereses
350 2811 410 2859 sunt
430 2810 548 2859 domiue
568 2806 765 2866 demoniorum,
784 2807 1087 2867 immaturioribus
1104 2811 1225 2864 tarenta
1243 2819 1263 2863 et

190 2883 318 2942 suggestae.

220 2953 285 3003 Sunt
300 2951 419 3003 doctriua
430 2951 627 3007 damnaturum,
640 2949 666 2998 ΙιΙ
684 2951 723 2999 est
733 2985 741 3009 ,
752 2950 785 2999 ab
800 2950 947 3001 haminibus
964 2951 1129 3001 dumenimis
1146 2957 1178 3005 et
1189 2956 1206 3005 a
1217 2956 1262 3005 ba·

190 3034 265 3071 mons
275 3020 438 3083 spiritualiter
449 3020 554 3070 obsessis
574 3016 704 3079 evulgata.

218 3092 329 3141 itereses
339 3094 400 3139 sant
411 3090 533 3140 doctrine
544 3087 694 3151 hypocrita,
705 3090 817 3151 speciem
829 3089 963 3150 cuiusdam
971 3091 1113 3141 mactatis
1122 3090 1260 3154 habentem

141 3173 168 3217 ιι
190 3165 215 3209 at
227 3162 254 3207 in
266 3170 294 3207 se
305 3170 403 3220 semper
414 3158 487 3209 maim
497 3163 523 3207 et
531 3160 661 3219 pessimae,
672 3159 699 3206 ct
710 3162 799 3207 centra
809 3158 853 3207 liei
865 3158 971 3211 verbam
984 3162 1011 3208 et
1018 3161 1168 3213 veritatem.

153 3220 160 3251 ⁹
201 3228 282 3277 aaut
296 3230 320 3276 et
332 3227 521 3289 hypocritarum
534 3226 671 3285 ductante,
681 3226 818 3277 numnam
828 3229 873 3289 qut
891 3230 1087 3280 sanctimoniam
1097 3230 1211 3291 quidem
1229 3236 1260 3283 si-

189 3296 301 3357 mulaut;
320 3301 347 3345 at
363 3297 407 3357 qui
423 3296 604 3344 conscientiam
627 3295 722 3344 habent
736 3298 865 3355 cauterio,
879 3298 973 3357 idest,
989 3299 1065 3359 igne,
1080 3299 1196 3364 ardore,
1210 3318 1260 3353 eer-

189 3370 305 3431 rupttoae
315 3403 321 3428 ,
333 3364 480 3429 putredine,
500 3366 601 3427 stupere
619 3366 736 3415 emulum
756 3365 893 3417 libidinum
905 3371 932 3417 et
948 3368 1087 3420 eriminum
1104 3371 1226 3423 inustam
1238 3378 1259 3421 et

188 3436 353 3487 indelebiliter
368 3438 489 3485 summm.

201 3502 263 3562 'illc
274 3515 312 3561 est
325 3512 441 3560 amnium
451 3508 587 3560 heresium
599 3507 739 3559 character.

217 3581 309 3631 Omnes
325 3581 430 3633 hereses
445 3574 554 3641 signarit
570 3578 820 3641 dicensrepirite'bue
837 3579 933 3630 erraris
949 3585 973 3631 et
987 3579 1107 3631 nomeu
1116 3581 1256 3634 aemonio·

187 3664 259 3708 sum,
270 3652 306 3699 ait
318 3650 347 3699 Ι).
362 3650 563 3713 chrysostomus.

218 3720 263 3769 ilic
274 3722 351 3769 etiam
361 3721 476 3770 amulum
490 3718 718 3770 heresiarcharnm
730 3718 869 3770 character⁴
1005 3780 1010 3785 ,

218 3790 309 3843 Omnes
322 3793 413 3841 erroris
423 3791 500 3841 duces
514 3795 573 3841 sunt
586 3792 691 3853 spiritus
703 3792 795 3839 erroris
804 3828 811 3849 ,
820 3793 880 3852 quia
894 3788 1017 3851 ejusmodi
1028 3788 1160 3851 spiritibus
1175 3792 1252 3843 atiiati

187 3870 297 3912 errorem
309 3874 383 3910 saum
395 3860 541 3923 loquuntur.
554 3862 622 3911 luem
634 3861 665 3911 Ι).
678 3860 880 3921 Chrysostcmns.

217 3927 1251 3991 hddoqabdoatninmleuchaeresiamhararncenscientlaiuitcauteriate,seurita

188 4002 326 4067 hrgtuosm
338 4004 363 4051 et
373 4000 433 4051 hinc
444 4000 546 4052 thalem
555 4000 660 4054 hermu
670 4007 729 4053 aete
737 4020 744 4051 ι
752 4000 852 4075 newis
863 4002 945 4055 cudis
957 4012 1045 4055 cerum
1058 4003 1248 4056 emersuros.
