2575 4459
281 342 452 403 rarrcax
474 349 876 423 arcesseremusne
957 321 960 328 ’
1069 313 1112 411 ae⁴

54 436 95 491 8.
127 435 227 507 Neque
260 443 345 509 gratis
380 458 480 513 penem
534 444 618 509 Neque
637 448 715 510 gratis
734 449 766 499 ab
779 448 864 511 assquo
886 444 998 501 cauom
1013 462 1107 513 penem

7 516 267 574 manducavimus
274 522 310 575 ab
317 523 480 590 aijq11033ed
503 517 648 577 accepimus
657 515 877 578 manducandum,
893 517 937 567 sed
948 531 1008 567 curn
1021 516 1106 571 labora

7 594 43 645 jn
69 594 179 651 labore
198 603 226 655 et
250 598 279 653 pn
302 601 477 670 fatigatione,
503 584 642 644 etsudorc,
654 583 733 634 dicet
747 589 820 635 nocte
834 585 934 636 aercae
946 585 1105 653 laborantes,

7 680 117 728 riocte
139 680 169 729 et
192 676 239 733 die
260 688 420 747 operantes,
444 698 480 737 ne
497 654 589 751 ΨΜ
602 651 715 706 mmm
725 654 929 708 mmmmm·

7 766 118 821 quem
134 756 260 809 vestram
272 770 460 825 gravaremus,

53 834 93 887 9.
111 832 177 885 Non
190 836 270 903 quasi
282 850 339 889 non
349 837 480 893 habueri·
531 838 586 888 Non
606 837 674 899 cuod
689 836 763 887 nobis
783 836 880 887 deeset
896 838 939 898 ius
956 840 1047 889 vestris
1063 841 1105 890 sl·

7 922 94 959 mus
107 914 294 977 potestatem
305 915 356 968 sed
368 920 398 967 ut
409 929 478 969 nos·
501 908 575 961 rendi
590 908 752 971 wlfilo&
769 906 813 956 ⁸⁰ss
831 910 860 959 ut
877 908 905 958 ¹11
918 907 1105 976 nobismetipsis

10 1100 129 1220 aemili?
139 1099 198 1164 ¹ipsi
212 1102 294 1163 scita,
313 1105 385 1169 quusi
401 1103 514 1161 diceret:
533 1103 684 1173 Exemplum
701 1103 760 1160 ledi
779 1105 871 1158 relisa
887 1106 972 1171 itaque
986 1116 1033 1159 uos
1043 1105 1104 1160 larl·

46 1185 80 1219 nl
128 1204 137 1221 ι

48 1242 113 1290 Nec
135 1242 232 1293 otiosus
250 1241 288 1293 tul
307 1256 354 1295 nec
373 1246 512 1309 inquietus.

48 1342 82 1387 8.
103 1339 190 1401 acque
206 1337 288 1402 proto
303 1352 394 1403 panem
410 1341 651 1393 madocooimor...
669 1338 713 1391 Gr.
733 1339 874 1404 accipimus
883 1357 891 1399 ;
912 1338 981 1390 idern
997 1339 1056 1391 rtdc
1073 1340 1101 1392 in

9 1411 115 1471 prima
132 1408 252 1472 epistola,
267 1423 324 1473 cap.
338 1414 369 1473 2,
386 1424 414 1462 n.
429 1415 454 1461 9.
854 1422 857 1427 “

51 1486 112 1535 Sed
123 1485 155 1534 ris
165 1484 252 1535 lubere
262 1490 285 1535 et
297 1482 454 1549 tctipctime.
465 1486 551 1538 Gracc
564 1498 612 1537 vox
623 1482 750 1548 significat
760 1483 872 1536 laborem
884 1487 1041 1549 amatorem,
1055 1486 1101 1549 qul

10 1553 170 1615 defatigare
185 1553 248 1605 solet
262 1558 288 1605 et
304 1554 421 1606 sudorem
437 1559 585 1619 exprimere.
800 1560 806 1571 ’

50 1630 139 1678 Nocte
154 1634 178 1678 st
194 1630 235 1679 dic
254 1636 396 1693 operm,
407 1630 588 1681 assiduitatem
603 1628 696 1681 laboris
712 1631 840 1694 exprimit.

50 1700 125 1749 Erat
140 1700 203 1748 artis
220 1698 425 1762 scanciaetorie,
439 1712 485 1751 seu
500 1700 638 1752 consuebat
653 1700 818 1753 tabernacula
830 1711 862 1749 cx
875 1698 1101 1764 petitiunculae

12 1769 127 1819 milites
140 1766 169 1815 in
182 1767 274 1818 castris
289 1770 431 1820 uterentur.

51 1839 126 1887 ilinc
141 1836 280 1899 Origenes,
297 1837 403 1887 bomilia
418 1841 446 1887 ti
462 1840 488 1887 tn
504 1838 648 1889 Nemetis
661 1836 1100 1892 Paulusttscisudistaberaacults

13 1908 141 1959 terrenis
154 1906 187 1957 ed
200 1906 311 1958 caiesou
321 1907 491 1978 mmuuenrlc
502 1908 639 1959 tardatus
652 1912 699 1959 cst.

52 2005 223 2055 Oasaarrrio
234 2016 353 2055 noricis.
364 2004 454 2056 -Sed
467 2005 536 2068 quod
550 2004 594 2055 hic
606 2006 688 2068 magis
698 2006 845 2056 mirandum
856 2008 981 2066 occurrit,
992 2008 1101 2069 utraque

15 2076 195 2127 tabernacula
211 2076 289 2126 simul
306 2075 413 2127 faciebat
424 2114 431 2137 ,
444 2080 470 2127 et
487 2081 586 2127 terrena
600 2082 625 2127 ct
636 2076 762 2127 coelestia=
776 2080 802 2126 et
812 2078 911 2126 animas
922 2078 1099 2137 convertebat,

16 2153 47 2196 et
68 2146 196 2196 manibus
214 2145 357 2210 laborabat;
373 2150 399 2197 ct
415 2146 542 2197 Ecclesiae
562 2146 700 2207 nudabat,
719 2150 744 2196 et
760 2149 860 2196 terrena
878 2145 1040 2197 tabernacula
1054 2147 1099 2199 dlu

16 2221 160 2277 noctuque
182 2216 320 2266 consuebat
334 2234 341 2265 a
356 2227 389 2265 ne
405 2227 515 2278 panem,
532 2216 631 2279 inquit,
646 2214 661 2265 a
676 2218 778 2265 nemine
793 2214 870 2277 gratis
889 2216 1041 2278 acciperem.

52 2287 149 2348 Papa!
165 2284 259 2335 Paulus
279 2283 398 2335 Gentium
411 2283 562 2347 Apostolus,
581 2286 661 2335 totius
673 2285 742 2334 orbis
752 2283 855 2345 doctor,
867 2284 905 2333 tot
924 2284 950 2332 et
967 2286 1098 2337 mutarum

17 2354 204 2405 Eccleslarnm
222 2356 293 2417 pater
303 2390 311 2414 ,
323 2355 443 2415 magister
463 2358 488 2403 et
508 2355 609 2403 curator
630 2352 767 2413 sollicitus,
783 2353 829 2403 diu
845 2355 973 2414 noctuque
987 2353 1097 2418 laborat,

17 2429 47 2473 et
60 2434 149 2485 usque
163 2420 198 2472 ad
215 2421 419 2485 detatIgatlonem
434 2424 460 2471 et
478 2421 596 2473 sudorem
609 2419 722 2483 laborat,
736 2425 766 2471 ut
783 2433 877 2486 panem
886 2422 964 2488 gratis
982 2434 1035 2474 non
1053 2436 1099 2475 co-

17 2494 132 2543 medati

52 2565 76 2614 0
96 2562 269 2627 spectaculum
287 2561 356 2623 bec,
380 2565 405 2612 et
423 2560 534 2623 angelis,
550 2564 576 2611 et
593 2559 742 2611 homiuibus
759 2559 881 2623 diguuml

52 2633 188 2693 Dignum,
207 2632 329 2692 inquam,
349 2628 393 2679 liei
410 2628 613 2693 compncentit,
629 2628 777 2691 angelorum
790 2629 868 2679 extasi
879 2630 905 2678 et
920 2631 1037 2694 stupore,
1048 2630 1097 2682 bo-

19 2706 132 2752 minum
144 2700 310 2749 admiratione
322 2696 398 2749 simul
409 2703 435 2748 et
447 2698 598 2748 imitatione.

53 2772 185 2819 Mirantur
202 2767 266 2817 illud
281 2771 307 2817 et
317 2770 449 2818 imitentur
459 2768 600 2830 presertim
614 2778 704 2818 omnes
715 2764 845 2831 Evangelii
858 2770 884 2819 et
893 2770 1039 2819 ammarum
1048 2773 1097 2822 mi·

21 2841 123 2897 nistri;
138 2838 249 2899 hincque
259 2837 373 2897 discant,

53 2908 161 2967 Primo,
179 2906 284 2970 apostoli
303 2906 385 2957 animi
403 2906 545 2957 libertatem
562 2904 632 2957 nullo
647 2907 756 2969 maimto
773 2906 842 2956 dono
859 2909 1020 2971 mancipare,
1040 2920 1098 2959 ruu-

20 2992 89 3029 nera
101 2978 191 3028 omnia
203 2987 320 3039 spernere
329 3014 337 3037 ,
346 2976 494 3039 temporalia
505 2979 668 3027 contemnere
678 2994 688 3025 a
698 2976 865 3039 cupiditatem
881 2988 997 3037 ornnem,
1008 2978 1030 3026 si
1040 2978 1096 3029 iteri

19 3049 127 3110 potest,
144 3046 159 3095 ὁ
175 3044 293 3095 cordibus
307 3046 360 3095 suis
374 3044 499 3108 avellere,
518 3049 547 3095 ut
565 3043 708 3109 spiritualia
722 3046 809 3094 animo
824 3043 922 3094 liberali
943 3048 968 3095 et
985 3049 1096 3108 gratuito

20 3119 179 3178 largiantur.

52 3188 108 3248 Qui
120 3185 227 3247 recipit,
244 3186 269 3235 el
285 3184 363 3247 aquo
376 3186 479 3247 recipit,
494 3186 664 3247 mancipatur.

54 3272 117 3320 Nori
133 3268 191 3319 neu
206 3282 254 3331 pro
271 3273 322 3318 toto
343 3268 446 3318 libertos
463 3268 579 3318 emetitur
595 3279 681 3317 carc:

53 3338 139 3389 liutto
160 3338 247 3388 minos
261 3336 398 3402 apostolica
414 3336 517 3387 libertas
543 3336 698 3401 corrigendi,
716 3338 849 3387 rerintau
863 3334 980 3401 dicendi,
1001 3337 1096 3399 inlusis

25 3412 108 3476 petita
129 3406 270 3469 manandi
281 3444 289 3467 ,
301 3406 383 3457 otiicio
398 3419 444 3456 suo
460 3404 578 3467 generose
595 3404 726 3467 tangendi.

54 3476 190 3537 Secundo,
201 3476 302 3527 discant
312 3477 373 3526 hinc
384 3478 466 3526 otium
480 3477 579 3537 fugere,
595 3476 676 3524 vitam
687 3474 806 3535 mollem,
818 3472 968 3536 delicatam,
978 3474 1096 3528 inutilem

25 3558 118 3600 cavere
128 3564 136 3595 a
150 3544 194 3595 sed
204 3544 355 3595 laboriosam
366 3548 391 3594 et
401 3546 566 3608 paenitentem
578 3543 711 3605 amplecti,
721 3547 822 3607 tempus
830 3556 961 3603 nunquam
972 3544 1095 3596 inutiliter

25 3624 126 3676 terere;
139 3613 182 3663 aed
193 3613 239 3663 citu
257 3617 384 3675 noctuque
399 3612 528 3672 laborare,
541 3612 615 3662 modo
634 3613 661 3659 in
677 3612 769 3661 diuinis
784 3611 901 3661 laudibus
916 3610 1094 3677 decantandis,

27 3685 106 3736 nrcdb
121 3686 150 3733 tu
162 3683 272 3733 laedones
286 3687 312 3733 ct
325 3683 489 3733 meditatione
506 3680 577 3731 uerbi
597 3680 694 3741 dirint;
713 3679 788 3729 modo
803 3684 831 3729 in
851 3682 965 3731 doctriua
982 3683 1095 3743 ctrrsdem
1149 3739 1153 3747 ,

26 3755 98 3804 uerbi
110 3772 118 3814 ;
129 3750 206 3802 modo
219 3754 246 3801 in
260 3755 477 3803 sacramentorum
492 3749 728 3810 administratione3
748 3748 824 3799 modo
841 3750 917 3801 etiam
937 3751 966 3799 iu
985 3752 1095 3813 quadam

25 3820 154 3887 corporali
169 3820 356 3869 exercitatione.

59 3924 86 3971 s.
100 3916 154 3969 nos
168 3916 244 3977 quun
254 3926 305 3963 ccc
317 3914 480 3964 babuerimus
488 3916 642 3977 potetatem.
667 3900 671 3905 ⁸
958 3968 966 3985 ι

59 3987 114 4038 lioc
132 3987 217 4047 ipsum
229 3982 293 4033 dixit
306 3984 342 4032 ets
355 3984 384 4032 in
397 3985 481 4046 prima
491 3979 595 4045 epistola
605 4017 612 4041 ,
624 3992 681 4041 cap.
693 3980 709 4028 2
716 4016 725 4043 ,
738 3992 766 4035 n.
778 3983 814 4034 ia
831 3978 889 4033 nm
905 3994 1048 4047 posternas,
1063 3991 1094 4037 ur

31 4054 163 4124 Apostoli,
176 4050 250 4104 oobr'r
268 4050 338 4104 meri
356 4064 434 4105 esce...
445 4049 507 4104 Vide
517 4050 588 4101 huuc
601 4048 696 4101 locum.
